4272 5792
1078 691 1098 734 L

461 867 495 924 at
524 861 625 921 litteo
654 854 732 932 οἶτος
766 861 883 934 iegitur
912 861 1066 920 carminis
1095 860 1205 920 minus
1235 859 1334 934 ampli
1366 860 1427 937 vai,
1445 863 1546 936 partis
1569 861 1722 922 carminis

459 963 576 1025 titulus
585 959 696 1024 Ἵππου
716 962 824 1040 κόσμος
840 962 962 1038 θ492;
982 960 1163 1022 Herodotus
1175 962 1206 1022 II
1221 963 1282 1022 116
1304 977 1418 1022 versus
1432 965 1456 1021 Z
1470 963 1533 1022 289
1546 978 1614 1036 sqq.
1629 963 1723 1022 alieri

460 1062 491 1126 ἐκ
512 1073 565 1144 τῆς
588 1064 753 1142 Διομήδεος
775 1060 938 1142 macenias,
957 1065 1011 1137 qui
1035 1079 1119 1124 nunc
1141 1063 1214 1123 iibri
1237 1064 1265 1120 Ε
1287 1065 1339 1124 est
1361 1064 1494 1139 titulue;
1519 1064 1721 1136 Thucydides

453 1167 469 1226 I
496 1169 516 1227 9
551 1181 682 1228 versum
718 1167 742 1224 Β
776 1164 837 1225 108
870 1160 902 1224 ἔκ
931 1171 983 1241 τῆς
1014 1171 1066 1223 τοῦ
1098 1163 1248 1243 σκήπτρου
1280 1163 1471 1244 παραδόσεως
1506 1166 1596 1240 citat,
1629 1165 1720 1223 Plato

454 1265 574 1339 Oratyl.
598 1267 686 1326 4280
716 1280 832 1326 versus
855 1266 874 1323 i
895 1267 959 1324 644
982 1280 1030 1337 sq,
1055 1261 1087 1323 ἐν
1107 1268 1199 1336 λιτοῖς
1219 1265 1282 1340 legi
1306 1265 1393 1342 dicit,
1420 1267 1614 1327 Aristoteles
1633 1265 1721 1324 Post.

457 1367 497 1424 16
517 1381 632 1424 versus
651 1370 675 1422 θ
691 1367 750 1425 52]
775 1379 845 1437 sqq.
870 1361 902 1422 ἐν
926 1364 1058 1423 Ἀλκίνου
1081 1361 1217 1448 ἀπολόγῳ
1237 1365 1299 1425 sibl
1318 1366 1420 1425 lectos
1439 1364 1551 1424 iaudat
1570 1367 1604 1425 ot
1623 1385 1638 1422 ο
1658 1365 1721 1423 386

454 1480 522 1538 sqq.
554 1462 586 1524 ἐν
619 1469 679 1536 τοῖς
712 1463 852 1542 vimque.
884 1463 959 1523 hlia
985 1465 1118 1524 nomina
1148 1465 1323 1540 complura,
1356 1465 1472 1538 quibus
1504 1465 1581 1525 olim
1613 1464 1722 1524 iliadis

454 1567 680 1640 Odysseaeque
700 1567 808 1641 partes
827 1563 959 1626 indicari
979 1565 1135 1640 solebant,
1154 1565 1333 1626 afferuntur
1352 1568 1391 1626 ab
1404 1567 1537 1627 heliano
1550 1565 1623 1626 Ver.
1638 1565 1720 1624 Hist.

454 1669 534 1730 XIII
559 1671 610 1744 14,
642 1683 702 1728 nec
730 1682 795 1728 non
825 1667 858 1726 in
889 1665 1022 1726 Homeri
1050 1667 1211 1727 codicibus
1242 1667 1452 1742 reperiuntur.
1475 1667 1567 1728 Nunc
1591 1682 1666 1729 vero
1690 1666 1722 1725 in

454 1771 553 1833 libros
571 1771 640 1830 sive
660 1767 816 1853 ῥαψῳδίας
836 1768 944 1828 XXIV
963 1784 1037 1829 cum
1053 1769 1130 1829 Ilias
1150 1771 1222 1829 tum
1242 1769 1387 1844 Odyssea
1407 1771 1458 1831 est
1476 1769 1591 1845 divisa,
1612 1783 1721 1829 secun·

456 1875 534 1934 dum
571 1887 744 1933 numerum
778 1870 971 1948 litterarum,
1005 1873 1122 1945 quibus
1151 1872 1270 1945 singuli
1304 1872 1375 1932 libri
1412 1871 1526 1932 exinde
1562 1869 1720 1944 designari

456 1975 560 2049 coepti
588 1977 676 2035 sunt.
706 1973 826 2034 ltadem
858 1975 964 2036 aetate
988 1973 1140 2037 Herodoti
1164 1989 1244 2050 opus
1267 1974 1300 2034 in
1320 1988 1448 2051 novem,
1473 1973 1668 2048 Thucydidis
1691 1973 1723 2030 in

457 2079 528 2138 octo
550 2077 649 2138 libros
679 2077 731 2136 est
760 2075 912 2152 divisum,
940 2076 1019 2137 item
1050 2076 1272 2151 Xenophontis
1303 2076 1503 2148 aliorumque
1530 2076 1723 2150 scriptorum

457 2180 667 2241 classicorum
691 2191 788 2253 opera
810 2177 953 2252 longiora
975 2177 1008 2238 in
1032 2179 1197 2238 volumina
1216 2178 1339 2252 aliquot
1364 2180 1442 2237 sunt
1465 2178 1646 2238 distributa.

501 2281 588 2357 Quae
618 2281 730 2341 autem
760 2280 917 2340 editiones
946 2295 1023 2339 cura
1053 2281 1339 2352 grammaticorum
1371 2279 1661 2340 Alexandrinorum
1690 2278 1722 2338 in

458 2384 562 2444 lucem
587 2381 772 2457 prodierunt
792 2381 1027 2441 emendatiores
1046 2382 1175 2453 qualem
1196 2381 1335 2442 formem
1355 2382 1525 2442 habuerint
1543 2383 1725 2450 extemam,

458 2485 579 2559 optime
603 2484 695 2543 docet
714 2481 966 2556 pulcherrimum
987 2482 1152 2555 exemplar
1171 2497 1385 2557 papyraceum
1407 2475 1442 2541 V¹
1465 2483 1532 2543 iere
1559 2484 1633 2557 post
1652 2481 1722 2542 (ihr.

458 2584 591 2660 saeculi,
615 2582 698 2657 quod
723 2579 773 2642 W.
794 2579 834 2640 Η.
858 2579 1004 2640 Flinders
1028 2581 1132 2641 Petris
1154 2583 1187 2641 in
1211 2583 1356 2657 Aegypto
1379 2584 1519 2657 repperit
1533 2577 1562 2652 ¹).
1584 2583 1724 2642 Litterae

458 2688 536 2746 sunt
559 2698 696 2757 magnae
720 2684 754 2742 et
774 2681 930 2754 singulari
954 2696 1030 2742 cura
1053 2683 1215 2757 exaratae,
1236 2683 1338 2756 signis
1357 2683 1552 2757 prosodiacis
1571 2683 1724 2743 distincta

459 2788 536 2848 sunt
569 2785 734 2860 vocabula,
769 2782 948 2843 Aristarchi
978 2783 1071 2856 signa
1101 2783 1212 2845 critica
1242 2785 1378 2860 appicta,
1411 2784 1558 2858 singulae
1589 2784 1724 2858 paginae

460 2903 613 2950 versuum
637 2888 715 2948 aunt
740 2885 844 2946 XXII.
869 2884 964 2945 Tales
987 2885 1052 2946 iere
1076 2886 1165 2947 inere
1187 2886 1259 2946 iibri
1282 2886 1335 2960 qui
1356 2902 1397 2947 ex
1418 2887 1596 2947 Aristarchi
1615 2886 1725 2946 schola

459 2990 653 3065 prodierunt.
688 2989 730 3049 Hi
760 3002 886 3061 quoque
916 2987 1019 3060 algnis
1049 2988 1264 3048 Aristarcheis
1294 2989 1411 3048 muniti
1443 2991 1476 3048 et
1505 2989 1569 3048 nisi
1599 2988 1725 3062 egregie

459 3091 552 3151 latior
591 3091 626 3150 in
665 3089 799 3166 paginas
834 3089 1021 3149 vicenorum
1054 3088 1192 3149 duorum
1227 3104 1381 3149 versuum
1417 3090 1580 3150 distributi
1616 3091 1724 3163 erant;

459 3192 615 3266 suspicari
631 3192 742 3251 autam
758 3190 836 3251 licet
853 3189 1041 3250 desumtum
1062 3203 1134 3248 esse
1146 3188 1231 3249 hunc
1242 3204 1415 3250 numerum
1433 3205 1473 3250 ex
1486 3191 1726 3265 exemplaribus

459 3291 704 3366 vetustissimis,
736 3291 815 3350 haec
847 3289 932 3350 enim
964 3289 1014 3347 tot
1044 3289 1076 3349 in
1107 3288 1244 3362 singuiis
1274 3291 1400 3364 paginis
1433 3293 1584 3351 habuisse
1611 3307 1725 3353 versus

460 3397 537 3467 quot
559 3394 742 3454 litterarum
765 3391 858 3464 signa
880 3389 958 3450 olim
983 3391 1220 3465 usurpabantur
1239 3387 1271 3460 ²).

504 3495 588 3556 Nam
620 3496 699 3556 haec
721 3493 784 3554 nisi
814 3492 987 3568 sumimus,
1014 3507 1077 3552 non
1101 3493 1193 3555 video
1217 3509 1315 3567 quam
1339 3495 1456 3556 habeat
1479 3496 1726 3572 explicationem

460 3598 587 3660 numeri
610 3597 705 3656 XXH
727 3596 760 3655 in
782 3594 920 3655 vetustte
939 3595 1102 3668 mscriptis
1122 3594 1206 3656 mira
1225 3597 1416 3658 constantia.
1438 3596 1535 3659 (iuius
1556 3599 1601 3658 rei
1620 3613 1727 3659 exem·

460 3699 551 3773 plum
570 3695 837 3769 antiquissimum
855 3695 907 3754 est
922 3709 1063 3769 papyrus
1082 3695 1147 3756 111⁰
1165 3697 1240 3757 anie
1252 3696 1323 3758 (ihr.
1342 3699 1470 3759 saeculo
1483 3714 1547 3759 non
1560 3699 1726 3774 recentior,

460 3800 493 3859 in
520 3813 583 3872 quo
611 3796 755 3857 Platonis
779 3793 906 3854 Phaedo
929 3794 1029 3854 nitide
1053 3795 1229 3857 admodum
1251 3799 1302 3858 est
1327 3800 1481 3859 exaratus
1499 3803 1531 3870 ³).
1557 3800 1631 3860 Alia
1653 3814 1726 3872 quo·

497 4015 515 4080 ¹)
531 4016 586 4064 vid.
604 4016 708 4065 ubuiee
726 4018 757 4064 18
776 4018 803 4064 et
817 4017 849 4062 14
867 4017 953 4077 operis
970 4017 1076 4064 lineare
1093 4019 1202 4066 Biehmn
1220 4019 1269 4066 end
1288 4021 1393 4068 Arsinoe
1412 4023 1519 4070 withso
1537 4023 1619 4082 platee
1640 4023 1711 4070 1881.

494 4094 516 4159 ¹)
533 4097 634 4144 Atticae
657 4096 758 4142 litterae
781 4096 842 4142 aunt
863 4095 1378 4180 ΛΒΑΔΕΖΗΘΙΚΔΜΝΟΠῩΡΣΤΥΦΧ.
1403 4102 1485 4148 Etiam
1503 4102 1576 4160 eigile
1593 4113 1658 4160 quse
1676 4101 1727 4161 pri·

461 4199 532 4234 snum
549 4187 576 4232 In
592 4185 725 4234 cineum
748 4186 809 4232 sunt
830 4185 936 4245 perlate,
959 4189 1085 4250 γράμματα
1116 4186 1161 4234 iile
1184 4193 1315 4248 Φοινικήια,
1338 4191 1427 4249 viginti
1445 4191 1496 4238 duo
1515 4193 1587 4238 erent
1603 4203 1726 4238 numero:

461 4257 980 4346 Aarwrrfzrrolnms‘orrmpl’zr,
1004 4261 1144 4312 Phoenices
1167 4269 1254 4313 antem
1278 4267 1318 4313 hia
1335 4269 1415 4326 signis
1432 4271 1509 4316 etiam
1527 4271 1552 4316 in
1571 4269 1729 4317 numereudo

461 4355 497 4402 ite
516 4355 655 4402 utebantur
670 4352 851 4401 utnumerelie
868 4353 965 4400 i-xxn
983 4354 1014 4400 iia
1031 4353 1201 4414 designarent.
1219 4357 1391 4405 Hebraeorum
1411 4362 1528 4420 poemate
1543 4363 1651 4418 retusis,
1666 4373 1728 4418 qno·

461 4448 518 4482 rum
536 4433 632 4492 singull
648 4433 766 4481 versiculi
784 4445 799 4479 ι
816 4433 908 4480 littoris
925 4433 1096 4494 alphabeticiu
1113 4448 1144 4482 ex
1161 4435 1250 4482 ordine
1265 4437 1396 4484 collocetis
1413 4438 1556 4500 ordiuntur,
1571 4439 1649 4498 digne
1666 4439 1728 4486 mihi

462 4513 581 4560 videntur
598 4525 665 4572 quae
684 4512 806 4560 hocloco
825 4512 850 4558 in
869 4513 1018 4558 memoriam
1038 4516 1197 4560 revocentur.

494 4589 514 4652 ¹)
533 4589 685 4653 Fragmenta
703 4593 757 4638 srte
775 4591 915 4653 plrototyps
933 4595 993 4638 sunl
1011 4597 1201 4652 repraesentato
1224 4594 1250 4641 in
1272 4595 1391 4655 lishaiiyi
1412 4611 1489 4658 opere
1503 4610 1536 4645 on
1552 4597 1596 4645 tiro
1613 4597 1729 4644 Flirrdera

463 4669 547 4720 Petris
564 4674 655 4734 papyri
674 4672 747 4719 resi.
758 4695 788 4705 -
798 4669 883 4719 (letari
900 4670 944 4729 qui
962 4670 1025 4718 milri
1045 4673 1212 4721 innotuerunt
1227 4675 1318 4736 papyri
1335 4676 1368 4724 ad
1384 4677 1530 4736 opinionem
1545 4690 1628 4725 mecm
1638 4677 1728 4724 oouflr·

462 4749 581 4798 mendum
607 4761 658 4798 nou
683 4748 794 4797 multum
818 4749 936 4807 efferunt,
958 4749 1004 4798 aed
1021 4752 1125 4798 omnino
1142 4751 1184 4800 bio
1202 4756 1242 4801 est
1260 4756 1498 4802 commemorandus
1515 4755 1595 4804 codex
1612 4756 1730 4816 Syriaeue

464 4829 615 4891 rescriptae,
632 4828 708 4876 cuiue
724 4827 841 4887 ungulae
857 4827 967 4889 paginae
984 4841 1074 4876 verene
1093 4829 1188 4878 hebent
1203 4831 1311 4880 xxxin
1328 4831 1353 4894 (1
1367 4841 1388 4884 κ
1401 4835 1432 4880 88
1442 4836 1499 4881 =8
1511 4842 1533 4888 ><
1546 4830 1597 4899 11).
