3936 5704
1005 701 1061 745 bili

399 865 586 933 memoriter
619 874 729 935 tenere
763 874 912 935 solebant
945 889 1027 947 quae
1061 873 1135 934 inde
1170 888 1189 932 a
1222 875 1328 949 prima
1358 873 1496 948 pueritia
1529 872 1671 946 quotidie

399 970 500 1030 oculis
520 971 714 1045 auribusque
737 1006 775 1017 -
797 972 847 1033 bis
868 974 978 1033 autern
999 973 1191 1048 praesertim
1212 1006 1253 1017 —
1269 973 1482 1047 usurpassent
1502 971 1542 1044 ¹);
1563 973 1673 1044 itaque

399 1069 549 1130 credibile
579 1072 630 1130 est
658 1071 738 1132 nihii
769 1071 890 1132 insoliti
914 1072 1054 1132 iactasse
1077 1073 1264 1132 Niceratum
1289 1071 1321 1132 in
1346 1071 1570 1147 Xenophontis
1595 1069 1670 1132 Ocn-

401 1169 486 1238 rivio
516 1172 563 1230 ΙΙΙ
593 1171 611 1241 5
642 1167 719 1233 5ιὸ
743 1172 839 1250 πατήρ
862 1193 921 1250 μου
944 1171 1152 1251 ἐπιμελόμενος
1176 1171 1256 1246 ὅπως
1280 1170 1357 1253 ἀνὴρ
1380 1170 1497 1253 ἀγαθὸς
1519 1172 1673 1253 γενοίμην,

399 1267 548 1350 ἠνάγκασέ
569 1293 604 1349 με
626 1271 723 1332 πάντα
746 1270 782 1333 τὰ
800 1267 931 1353 Ὀμήρου
955 1271 1012 1352 ἔπη
1035 1279 1154 1351 μαθεῖν·
1177 1271 1226 1334 asi
1249 1283 1308 1334 νῦν
1331 1273 1482 1352 δυναίμην
1506 1269 1545 1333 ἂν
1560 1268 1671 1334 Ἰλιάδα

400 1371 472 1448 ὅλην
490 1369 540 1430 καλ
555 1367 729 1433 Ὀδύσσειαν
749 1371 808 1434 ἀπὸ
828 1373 970 1452 στόματος
989 1374 1093 1453 εἰπεῖν,
1110 1391 1214 1449 neque
1234 1377 1410 1450 ingenuum
1427 1375 1579 1436 iuvenem
1593 1375 1672 1437 talia

399 1474 583 1546 loquentem
603 1475 787 1536 induxisset
806 1476 994 1551 Xenophon,
1015 1477 1044 1536 si
1066 1477 1121 1536 vix
1141 1477 1313 1551 quisquam
1332 1492 1375 1538 ex
1395 1477 1466 1537 eius
1483 1476 1671 1550 aequalibus

401 1575 559 1634 memoria
589 1573 676 1635 idem
709 1575 867 1636 valuisset
890 1569 924 1646 ²).
958 1576 1141 1637 Domitiano
1172 1579 1281 1637 autem
1315 1577 1508 1651 imperatore
1538 1575 1593 1649 qui
1616 1591 1673 1650 per

400 1675 475 1735 istri
505 1676 669 1750 regionem
699 1675 761 1737 iter
784 1677 861 1738 iecit
883 1677 941 1738 Dio
967 1677 1218 1750 chrysostomus
1241 1676 1381 1738 XXXVI
1405 1692 1434 1751 p.
1458 1677 1498 1737 78
1530 1675 1671 1736 testatur

400 1777 647 1850 Borysthenitas
674 1777 783 1839 Olbiae
814 1778 846 1838 in
870 1777 1067 1839 Milesiorum
1092 1776 1216 1839 colonia
1239 1777 1323 1838 luter
1346 1777 1516 1838 barbaram
1539 1777 1671 1850 gentem

400 1882 563 1960 degentes,
600 1883 687 1958 ipsos
720 1881 967 1958 semibarbaros,
999 1881 1135 1943 iliadem
1155 1884 1178 1954 ³)
1209 1881 1397 1942 memoriter
1428 1878 1573 1940 tenuisse
1604 1877 1671 1940 iere

401 1999 532 2045 omnes:
563 1981 652 2043 edite
685 1981 781 2045 oleta
813 1993 916 2060 σαφῶς
947 1981 1144 2062 ἑλληνίζοντες
1175 1981 1225 2043 διὰ
1255 1980 1287 2043 τὸ
1320 1980 1352 2042 ἐν
1375 1978 1474 2060 μέσοις
1496 1979 1589 2042 οἰκεῖν
1610 1985 1671 2052 τοῖς

401 2083 563 2164 βαρβάροις
587 2084 665 2163 ὅμως
688 2085 742 2163 τήν
765 2106 797 2165 με
815 2080 928 2144 Ἰλιάδα
951 2081 1052 2165 ὀλίγον
1075 2083 1183 2157 πάντες
1202 2083 1302 2144 teano
1320 2079 1380 2143 ἀπὸ
1400 2081 1549 2158 στόματος.
1570 2082 1671 2142 Deme

400 2186 483 2260 quod
513 2187 633 2248 oratori
664 2203 716 2249 res
746 2203 766 2248 a
796 2203 833 2248 se
863 2186 984 2248 relatas
1013 2189 1047 2247 in
1078 2187 1186 2248 maius
1217 2185 1344 2247 omenti
1371 2184 1479 2246 deberi
1502 2183 1670 2245 credibile:

399 2289 502 2348 restat
532 2289 642 2349 tamen
667 2288 892 2349 testimonium
917 2289 1100 2349 memoratu
1123 2286 1369 2361 dignissimum
1393 2300 1471 2346 nam
1494 2285 1558 2345 nisi
1582 2283 1671 2345 culti-

399 2401 471 2448 ores
503 2390 589 2450 csrte
620 2389 731 2450 Graeci
764 2389 851 2450 iliius
878 2388 950 2449 aevi
975 2388 1153 2449 Homerum
1178 2388 1216 2447 ut
1238 2386 1356 2460 digitos
1379 2401 1457 2447 suos
1480 2387 1592 2446 notum
1618 2385 1671 2446 he·

400 2489 556 2564 buissent,
577 2490 616 2550 de
638 2490 888 2564 longinquarum
907 2489 1074 2562 regionum
1095 2487 1208 2549 incolis
1230 2487 1389 2548 eiusmodi
1412 2485 1531 2560 aliquid
1551 2486 1672 2560 fingere

400 2605 439 2649 ne
463 2605 563 2650 ausus
586 2592 715 2664 quidem
740 2573 829 2652 esset
851 2591 919 2650 Dio.

444 2691 531 2766 Quae
562 2693 674 2751 autem
705 2691 818 2765 cuivis,
852 2690 1061 2764 quiquidem
1085 2689 1180 2764 paulo
1204 2689 1370 2750 liberalius
1392 2689 1549 2750 educatus
1572 2689 1671 2764 esset,

400 2791 572 2850 notissima
605 2793 726 2867 essent,
761 2792 794 2851 in
830 2790 1035 2853 concionibus
1070 2791 1104 2850 et
1133 2791 1167 2850 in
1197 2789 1365 2863 colloquiis
1395 2788 1601 2863 quotidianis,
1634 2790 1672 2848 ut

400 2891 484 2952 inter
504 2893 613 2967 patres
633 2895 763 2954 nostros
782 2893 879 2955 verba
899 2892 1030 2968 Biblioa,
1049 2892 1185 2953 libenter
1204 2890 1351 2953 solebant
1370 2889 1477 2950 afferri
1499 2889 1550 2950 rel
1570 2889 1671 2949 etiam

399 2993 555 3055 imitando
579 2994 718 3070 exprimi
742 2995 887 3056 iaceteve
910 2993 1045 3070 traduci,
1066 2992 1271 3066 multumque
1294 2989 1334 3052 ad
1354 2989 1523 3050 hominum
1542 2989 1670 3050 animos

399 3095 614 3170 deleniendos,
636 3095 897 3170 commovendos,
912 3095 1147 3170 ¹pertrahendos
1167 3093 1297 3155 valebat
1316 3091 1439 3152 dictum
1460 3091 1670 3153 Homericum

399 3197 473 3271 apte
502 3196 681 3258 laudatum.
714 3198 816 3273 Quam
849 3200 953 3258 artem
984 3211 1081 3257 nemo
1108 3194 1289 3269 elegantius
1312 3195 1457 3256 exercuit
1480 3209 1579 3269 quam
1602 3193 1670 3255 Ari·

398 3298 572 3372 stephanos
596 3297 740 3359 comicus
764 3299 815 3359 vei
840 3298 932 3359 Plato
955 3297 1164 3372 philosophus
1184 3289 1216 3368 ’λ

435 3576 454 3645 Ι)
471 3581 553 3628 littam
581 3580 757 3642 compluribus
783 3582 893 3630 moeniis
919 3584 979 3642 post
1003 3582 1036 3629 ah
1061 3582 1135 3642 opica
1158 3581 1231 3642 poesi
1256 3581 1358 3629 initium
1383 3581 1463 3629 iisbat
1484 3581 1511 3630 iu
1531 3595 1671 3643 puerorum

399 3659 626 3722 sucosumque.
644 3661 693 3709 Dio
711 3663 800 3722 Olrrys.
818 3661 853 3708 Xl
870 3675 895 3722 p.
914 3663 971 3710 tuli.
990 3661 1132 3722 Vestigium
1150 3661 1245 3710 vetusti
1262 3660 1342 3710 moris
1358 3663 1462 3710 serrant
1484 3660 1586 3709 tabulas
1607 3675 1672 3722 quas

399 3753 480 3801 anper
487 3740 663 3788 Bibliothecae
670 3741 916 3801 hugoque-batavus
931 3742 999 3790 dono
1013 3741 1085 3789 dedit
1098 3741 1138 3788 sir
1151 3741 1260 3789 eximius
1272 3755 1321 3788 san
1331 3741 1479 3789 Asssndslit
1493 3740 1525 3788 de
1542 3741 1670 3801 Oonlngh3

399 3833 456 3868 nam
482 3821 508 3867 in
533 3820 585 3868 illis
610 3820 791 3882 pugillaribus,
817 3822 862 3880 qui
888 3821 939 3868 1110
963 3821 1017 3868 iere
1041 3833 1066 3880 p.
1088 3820 1146 3868 Ohr.
1172 3821 1275 3867 sascuio
1293 3822 1354 3868 sunt
1370 3820 1469 3881 scripti,
1486 3822 1589 3880 praeter
1607 3821 1671 3867 alias

398 3911 534 3959 puerorum
561 3899 757 3946 exercitationes
778 3899 872 3958 iegitur
894 3913 985 3947 versus
1004 3899 1148 3947 Hesiodens
1165 3899 1241 3958 Oper.
1260 3900 1308 3945 sit
1327 3912 1341 3945 a
1360 3899 1483 3958 magistro
1501 3899 1581 3946 nitide
1599 3913 1671 3960 mag-

398 3978 489 4036 nisqus
507 3975 600 4024 litteris
617 3990 691 4023 cerae
709 3977 832 4040 ineratus,
850 3991 926 4037 qnam
944 3978 1004 4024 stilo
1021 3977 1124 4024 rudiore
1143 3977 1258 4024 imitatus
1275 3980 1315 4024 est
1332 3977 1483 4037 discipulus.

431 4049 620 4118 ²)ithupsodos
636 4054 705 4103 idam
723 4055 843 4103 calluisse
861 4055 955 4102 ibidem
974 4055 1038 4103 dicit
1052 4056 1229 4103 Antisthenes:
1249 4059 1320 4102 λκιτισ
1338 4055 1364 4102 dl
1383 4055 1469 4115 riseri
1487 4072 1521 4110 ea,
1539 4057 1574 4102 διι
1593 4058 1630 4104 καὶ
1649 4060 1671 4104 ol

398 4135 504 4196 ξισιμιμδσλ
521 4137 605 4190 πάντες
622 4137 757 4182 inlesum«
774 4143 848 4182 σσδσιι
866 4137 894 4181 ni
912 4136 968 4197 λσιῃ

432 4211 453 4280 ¹)
470 4215 509 4264 De
534 4214 650 4274 Odyssea
675 4229 724 4262 non
751 4215 872 4276 loquitur.
899 4215 1008 4264 Omnino
1031 4215 1138 4263 iliadem
1163 4215 1267 4263 maioris
1289 4215 1413 4263 momenti
1433 4228 1510 4276 quam
1529 4213 1669 4274 odysseam

399 4296 503 4342 Graecis
524 4308 581 4343 esse
603 4295 684 4343 risam
707 4310 722 4343 s
744 4294 832 4342 multis
855 4294 955 4343 indiciis
972 4297 1087 4356 apparet
1105 4295 1224 4342 Socrates
1242 4296 1267 4342 in
1285 4294 1410 4356 [Platon]
1428 4294 1507 4355 Hipp.
1526 4295 1586 4342 liin.
1606 4293 1670 4342 acal

402 4377 414 4434 'l
428 4375 496 4428 Ἰλιδς
512 4377 604 4422 κάλλιον
621 4379 709 4434 solque
727 4381 759 4437 σῷ
772 4373 861 4438 Ὁμήρῳ
881 4373 893 4434 p
911 4376 924 4434 a>
938 4373 1066 4428 Ὀδδσσιισ,
1083 4375 1186 4436 σσσσδιρι
1204 4373 1229 4420 cli
1246 4375 1340 4420 κάλλιον
1362 4373 1410 4437 δσφ
1432 4375 1532 4432 hesim
1553 4375 1670 4433 Ἀχιλλιδς

399 4453 529 4507 Ὀδυσσέως.

433 4527 454 4592 ⁴)
471 4531 581 4590 Dignum
599 4530 669 4590 quod
685 4530 711 4578 in
738 4531 902 4577 annotatione
926 4531 1037 4591 exempli
1055 4542 1132 4577 causa
1149 4529 1271 4577 aiisratnr
1290 4532 1332 4578 est
1347 4529 1483 4580 Stratonioi
1500 4530 1607 4592 dictum,
1624 4531 1669 4590 qul

401 4622 459 4656 cam
483 4611 579 4657 maium
606 4608 734 4656 madienm
759 4621 818 4656 oum
842 4609 910 4655 malo
932 4609 1085 4656 veterinario
1107 4608 1206 4656 sidsrst
1229 4608 1447 4666 confabulantem,
1468 4606 1569 4664 .ιιιιιισ”
1586 4609 1670 4669 inquit

402 4687 482 4750 ¹‚aiter
499 4688 573 4736 alteri
593 4687 657 4734 dicit

605 4767 662 4814 hild
680 4769 709 4814 οὐ
727 4767 746 4826 γ’
766 4767 852 4830 ἄνδρας
869 4768 952 4831 inceps,
967 4770 1107 4827 pulvisculus
1124 4768 1148 4814 δ’
1169 4768 1219 4825 δμολ
1236 4769 1304 4814 ἵπποι
1322 4766 1358 4832 (K
1374 4764 1459 4832 481).”

401 4846 451 4894 sid.
474 4847 669 4908 Gnomoiogium
692 4845 733 4894 ed.
755 4846 898 4896 Sternbaob
921 4844 957 4909 (in
980 4848 1080 4896 Wiener
1102 4846 1426 4910 Βλσδλσσ1889)ιινδλλ.
1447 4879 1475 4888 -
1494 4848 1577 4897 tiuita
1592 4849 1670 4897 huius
