4056 5760
284 616 404 692 pact]
717 701 720 708 Ι
890 616 953 674 nro

327 801 436 861 Aliam
456 798 544 860 niam
564 798 701 872 ingressi
720 800 798 859 sunt
818 798 878 859 virl
898 798 982 860 doctl
1003 799 1162 874 PKnigbt,
1175 799 1392 863 vHsrwerdsn
1405 800 1551 882 (Quaest.

283 901 369 976 Epic.
400 915 431 974 p.
463 896 528 974 30),
560 898 697 958 Leslrlen
722 893 824 978 (Ourt.
848 899 937 959 Stud.
969 900 1001 960 11
1023 914 1054 973 p.
1082 893 1170 979 105),
1194 901 1306 962 Nauck
1330 902 1412 972 (liei.
1443 903 1553 965 Greco·

284 1001 377 1062 Rom.
401 1000 445 1061 1v
469 1015 499 1074 p.
521 1001 562 1060 53
583 1003 674 1075 αισι),
698 998 752 1072 qui
779 998 883 1060 solam
912 1000 1047 1075 stirpem
1079 999 1193 1078 tutelo)
1217 1001 1296 1062 ollm
1320 1003 1472 1064 extitisse
1493 1004 1555 1066 sibi

283 1101 523 1176 persuaserunt,
555 1115 572 1159 e
602 1100 819 1160 contractione
850 1103 962 1162 autem
986 1104 1082 1162 natas
1110 1117 1183 1162 esse
1206 1103 1329 1163 iormas
1351 1107 1459 1164 λοῦσεν
1483 1098 1554 1186 (pro

284 1195 398 1282 λόεαιν)
430 1203 509 1276 atc.;
539 1215 622 1273 quae
652 1200 682 1261 si
711 1201 873 1274 probanda
904 1203 994 1262 esset
1015 1202 1132 1276 oplnlo,
1157 1205 1347 1275 sequeretur
1369 1207 1408 1264 ut
1430 1205 1554 1266 lorrnae

286 1303 416 1377 apertas
442 1295 554 1360 ’λόεσεν
588 1303 649 1361 etc.
680 1302 803 1375 passim
826 1301 1085 1377 mutuarentur,
1114 1301 1145 1360 id
1169 1301 1251 1375 quod
1275 1300 1369 1376 longe
1393 1302 1554 1378 plerisque

285 1403 365 1465 locis
387 1403 457 1463 lieri
479 1401 559 1462 sinit
581 1403 723 1462 metrum
745 1435 784 1446 -
807 1403 839 1462 in
864 1403 948 1464 tbasi
972 1403 1060 1464 enim
1082 1403 1167 1464 solet
1189 1417 1262 1464 esse
1284 1403 1411 1478 syllaba
1433 1407 1488 1464 λου
1501 1438 1553 1481 -,

286 1505 338 1566 iric
368 1503 435 1565 illic
464 1504 564 1566 etiam
594 1504 726 1578 suadem
760 1505 822 1566 vid.
847 1522 874 1567 e.
899 1521 929 1580 g.
962 1504 1045 1566 048
1078 1501 1111 1566 ἐὺ
1136 1502 1235 1579 ξεστὰς
1254 1498 1412 1566 ’λούσαντο
1436 1507 1469 1568 ln
1493 1505 1556 1567 line

287 1623 411 1668 versus.
444 1607 523 1668 (ium
558 1608 669 1668 tamen
700 1607 783 1668 solvi
813 1607 1046 1683 diphthongum
1080 1609 1223 1669 metrum
1254 1623 1417 1682 nusquam
1447 1610 1558 1686 aperte

287 1711 406 1786 iubeat,
441 1709 660 1784 compluribus
693 1724 769 1770 vero
805 1710 885 1771 locis
916 1710 1089 1772 manifesta
1121 1711 1210 1772 vetet
1241 1708 1283 1787 (Ε
1306 1713 1327 1772 6
1350 1707 1418 1776 Ei
1444 1711 1460 1782 ζ
1482 1712 1557 1788 210,

288 1815 363 1888 216,
388 1813 473 1888 210),
505 1812 713 1873 abstinendas
747 1812 902 1873 duximus
937 1828 1064 1888 manue,
1100 1828 1174 1874 cum
1210 1813 1403 1900 praesertim
1435 1813 1558 1874 iormae

288 1916 474 1976 decurtatae
504 1911 591 1988 ἔλα-ε,
616 1907 722 1988 'td-ov,
748 1911 886 1972 λό-εσθαι
917 1917 950 1974 et
981 1929 1100 1975 nomen
1129 1914 1257 1976 verbale
1280 1913 1400 1994 λοετρόν
1428 1917 1558 1993 nostrae

288 2015 494 2090 explicationi
518 2015 659 2089 faveant,
690 2027 768 2073 nam
798 2014 895 2074 natae
928 2015 1006 2075 sunt
1041 2030 1082 2076 ex
1119 2013 1227 2092 ἔλον-ε,
1254 2014 1384 2093 ἕλον-ον,
1405 2017 1559 2092 λούεσθαι,

288 2115 451 2194 too-epia,
477 2115 751 2189 quamadmodum
781 2113 941 2194 ὁεθ-εθροο
963 2117 996 2177 in
1020 2113 1160 2194 ῥέεθρον
1184 2117 1272 2178 abilt.
1298 2119 1412 2192 Itaque
1436 2118 1559 2178 formas

288 2215 418 2291 ἐλούεον,
458 2213 569 2292 ἔλουσε,
609 2216 764 2292 λούεσθαι,
803 2213 978 2292 λελουμένος
1019 2219 1080 2278 etc.
1133 2217 1210 2278 vitio
1252 2220 1347 2280 natas
1389 2233 1462 2279 esse
1502 2221 1560 2280 aut

289 2318 466 2380 recentiore
500 2318 633 2378 demum
665 2330 761 2377 aevo·
780 2315 856 2390 fingi
890 2318 1035 2393 potuisse
1071 2319 1239 2392 negamus,
1276 2319 1460 2391 ceteroquin
1495 2335 1559 2380 non

289 2419 498 2493 repugnaturi
527 2419 556 2478 sl
586 2418 659 2491 quis
687 2411 837 2475 ’λσέσαντο
868 2433 924 2492 pro
944 2411 1100 2477 ’λούσαντο
1128 2418 1256 2490 aliaque
1280 2419 1439 2479 eiusmodi
1462 2421 1560 2480 metri

289 2533 388 2578 causa
410 2517 462 2576 bic
483 2517 550 2577 illic
573 2516 705 2577 rescribi
729 2516 847 2590 lubeat,
870 2531 948 2576 nem
971 2515 1018 2576 lta
1041 2531 1167 2589 quoque
1191 2521 1319 2577 veteres
1341 2520 1454 2591 postas
1473 2519 1560 2590 loqui

283 2617 418 2690 potuum
448 2617 610 2676 testantur
640 2615 763 2674 lormne
794 2629 931 2688 quarum
961 2615 1164 2688 geminatum
1189 2617 1241 2676 est
1263 2617 1379 2692 sigma,
1402 2613 1560 2692 λοέσσομαι

289 2717 369 2791 etc.;
394 2715 457 2776 vid.
481 2713 501 2792 θ
527 2716 544 2775 'i
569 2729 641 2790 pag.
665 2716 719 2774 48.

334 2922 365 2980 4.
389 2916 561 2978 πενθείετον
597 2919 631 2976 Ψ
646 2916 711 2977 283
735 2909 791 2996 (cl.
815 2914 835 2993 β
860 2909 979 3000 28610),
1003 2915 1090 2978 infin.
1110 2916 1298 2995 πενθήμεναι
1329 2935 1346 2976 σ
1372 2920 1434 2980 174
1456 2939 1472 2978 τ
1497 2919 1561 2980 120

291 3019 346 3103 (01.
370 3018 390 3097 β
416 3013 505 3102 195),
529 3033 594 3079 dor.
618 3021 769 3094 πενθῆσαι
794 3020 821 3076 Τ
842 3019 916 3079 229.

334 3121 486 3182 Formam
517 3117 689 3178 πενθείετον
720 3135 761 3180 σοι
795 3115 1003 3196 nevolt-petor
1033 3119 1190 3194 prodiisse
1222 3121 1318 3183 iidem
1341 3121 1421 3182 iacit
1442 3135 1560 3182 nornen

290 3221 322 3281 τὸ
353 3219 475 3292 πένθος.
505 3220 677 3281 Noluimus
707 3223 818 3280 tamen
854 3222 895 3281 ad
917 3221 1015 3281 buius
1045 3221 1168 3282 lormae
1192 3222 1374 3297 analogiam
1397 3220 1561 3282 πενθέσσαι

291 3324 430 3384 scribere
450 3325 577 3398 propter
596 3321 793 3383 infinitivum
813 3321 1016 3399 πενθήμεναι
1036 3338 1235 3397 quamquam
1255 3323 1315 3384 hoe
1331 3324 1559 3398 argumentum

292 3443 355 3488 non
379 3427 425 3486 ita
448 3425 579 3486 firmum
603 3441 675 3486 esse
699 3427 792 3486 docet
814 3425 949 3486 verbum
973 3440 1123 3499 sequens.

337 3527 366 3587 A
385 3527 486 3602 stirpe
504 3531 669 3616 need-nub
689 3522 783 3609 (ποθ)
804 3528 971 3603 praeterea
989 3526 1091 3605 πάσχω
1110 3525 1248 3605 πείσομαι
1260 3526 1401 3587 πέπονθα
1415 3527 1445 3605 (ξ
1463 3531 1564 3601 16010)

292 3635 450 3709 originem
473 3635 579 3696 habet.
1558 3663 1560 3669 ·

340 3838 369 3897 5.
401 3834 504 3896 ποθέω
532 3841 592 3899 etc.
618 3831 736 3919 (praee.
764 3838 798 3897 et
821 3831 961 3920 imperf.)
988 3839 1011 3895 it
1036 3837 1099 3898 703
1125 3859 1144 3895 α
1169 3838 1232 3897 343
1257 3839 1330 3913 etc„
1353 3835 1442 3897 infin.
1467 3835 1566 3913 ποθή-

295 3959 381 4014 μεναι
414 3961 435 4014 μ
469 3940 533 3999 110
567 3932 621 4022 (of.
657 3941 677 4017 ξ
710 3935 799 4022 leb),
831 3939 937 3999 110101.
967 3932 1123 3999 ’ποθέεσκε
1155 3942 1185 3997 Α
1216 3939 1292 4014 492,
1324 3953 1389 3998 aot.
1419 3931 1566 3998 ’πόθεσαν

297 4041 419 4116 0219,
444 4036 574 4100 ποθέσαι
597 4042 617 4119 β
641 4043 705 4103 375
729 4039 747 4099 ιλ
773 4041 846 4102 748.

340 4143 389 4201 Ab
416 4143 530 4203 eadem
556 4143 655 4216 stirpe
673 4144 805 4203 ductum
835 4143 886 4201 ost
913 4156 1030 4201 nomen
1057 4135 1077 4216 ἡ
1099 4139 1183 4216 ποθή
1211 4140 1263 4200 vel
1292 4135 1429 4208 ὁπλθος
1456 4139 1567 4200 εἰσελάσ-

295 4241 392 4301 rium.
425 4241 597 4302 Praeterea
627 4257 701 4302 cum
725 4239 889 4300 veteribus
913 4239 1138 4313 grammaticis
1160 4241 1223 4300 huc
1245 4238 1347 4298 resero
1370 4237 1567 4298 adlectlvum

298 4335 478 4411 ἀπόθεστος
500 4341 650 4416 neglectus
668 4362 685 4418 ρ
706 4342 788 4414 296;
809 4339 887 4398 sunt
908 4339 1019 4399 tamen
1039 4338 1133 4400 bodie
1151 4337 1205 4412 qul
1230 4333 1411 4407 ἀπόθεστος
1424 4336 1571 4398 dividant

298 4456 422 4518 vocam,
446 4457 467 4502 s
489 4458 583 4502 casco
607 4445 717 4516 etymo
740 4441 933 4515 repetentes,
959 4440 1022 4501 vid.
1047 4439 1287 4501 Rumor-Biana
1309 4437 1340 4498 Il
1362 4453 1393 4516 p.
1419 4437 1493 4498 440.

342 4646 373 4705 6.
405 4642 538 4721 -οαέοοσι
568 4666 588 4720 μ
612 4645 686 4722 290,
718 4639 814 4721 ἔρραιε
845 4642 861 4714 ζ
882 4643 958 4718 326,
984 4638 1085 4726 ῥαίῃσι
1117 4661 1130 4700 ε
1154 4640 1229 4716 221,
1261 4638 1321 4700 sut.
1352 4638 1460 4718 -ραέσει
1489 4640 1508 4697 Ι
1530 4639 1570 4700 78

298 4767 318 4804 α
342 4745 407 4806 404
429 4745 450 4825 β
473 4747 527 4822 49,
550 4744 700 4825 -οαέσοιισι
723 4768 741 4804 ιι
767 4746 910 4805 251=rt
937 4745 1010 4821 128,
1034 4739 1204 4823 ῥαισέμεναι
1227 4744 1251 4799 θ
1274 4743 1338 4803 569
1361 4763 1379 4800 ν
1406 4742 1468 4804 177
1493 4741 1571 4801 Heu.

1460 4845 1488 4891 88
