3934 5706
347 773 443 844 tea]
956 749 1031 830 eee'
1204 747 1208 757 '

347 961 503 1022 decursus
532 959 606 1034 post
635 973 809 1019 consonam
844 973 927 1033 quae
960 958 1139 1034 praecedlt;
1177 974 1254 1020 nam
1293 961 1373 1022 haec
1407 961 1436 1022 si
1470 961 1615 1022 litteram

348 1060 535 1122 sibilantem
568 1059 767 1136 contigisset,
799 1058 868 1120 fleri
899 1075 962 1122 uon
993 1060 1121 1134 peterat
1142 1060 1219 1135 quin
1243 1061 1290 1122 lta
1312 1077 1385 1122 eum
1415 1060 1559 1123 afflueret
1582 1062 1619 1122 ut

349 1162 490 1238 simplex
515 1159 604 1222 fleret
633 1159 748 1234 sigma.
776 1161 933 1221 Brevitati
953 1160 1051 1234 igitur
1082 1159 1136 1234 qui
1168 1161 1287 1238 studet,
1317 1163 1387 1224 siue
1411 1163 1490 1224 vitio
1514 1161 1618 1224 dicere

352 1265 458 1338 petest
492 1262 635 1324 litteram
670 1262 792 1337 epsilen
828 1261 937 1322 suiilxi
973 1266 1090 1334 -eeeaivl
1125 1277 1196 1324 esse
1235 1265 1381 1326 vocalem
1415 1265 1618 1327 auxiliarem.

356 1366 485 1426 linitiva
502 1353 613 1425 cirtem
634 1365 713 1424 irnoc
733 1364 854 1425 voculis
875 1365 906 1424 in
927 1363 1001 1424 aliis
1023 1363 1207 1438 regionibus
1231 1382 1293 1428 nen
1314 1387 1327 1426 ε
1351 1367 1408 1430 sed
1432 1371 1450 1426 ἅ
1472 1367 1619 1444 sonabat,

353 1471 389 1530 ut
430 1469 562 1544 apparet
600 1485 618 1529 e
655 1467 774 1528 tabulis
810 1466 1079 1529 Heracleensibus
1109 1467 1224 1538 (Oauer
1254 1469 1337 1531 Del.²
1367 1467 1620 1546 40⁵⁰·¹⁰⁴2¹³⁸·¹²⁶),

353 1571 407 1632 ubi
429 1570 580 1646 leguntur
602 1569 704 1630 dativi
726 1568 927 1650 wolberonem,
950 1567 1142 1643 ἴντοισσιν(Ξ
1154 1562 1261 1652 οὖσιν),
1279 1571 1507 1653 πρασσόντασσι,
1529 1568 1620 1650 ὑπαρ-

353 1671 518 1752 χόντασσιν.

397 1773 555 1850 Exempla
595 1773 768 1835 Homerica
801 1775 894 1836 sunt:
935 1773 1013 1847 πούς
1050 1773 1197 1854 redd-seer,
1228 1771 1311 1854 κληῒς
1343 1771 1517 1854 ninid-teor,
1550 1771 1622 1847 ὄνυξ

355 1873 514 1955 deux-suot,
546 1875 622 1947 Αἴας
653 1874 835 1954 Atrius-suet,
867 1873 961 1949 Ηπος
992 1873 1195 1954 «semaei-root,
1231 1878 1306 1956 βοῦς
1336 1876 1505 1958 §effi-seor,
1542 1877 1622 1938 item

355 1984 408 2050 (ex
430 1978 578 2052 analogia
586 1981 613 2051 i)
636 1975 723 2050 νέκυς
745 1978 894 2039 vend-eom
917 1974 949 2048 ¹).

400 2081 434 2142 Si
459 2095 534 2142 vero
557 2079 699 2141 radicem
721 2081 877 2142 terminat
901 2080 1031 2156 vocalis,
1055 2080 1148 2140 abest
1170 2096 1270 2141 senus
1293 2080 1347 2141 ille
1367 2079 1546 2155 auxilieris,
1569 2078 1624 2152 qui

356 2181 423 2240 iam
458 2194 521 2240 nen
554 2180 743 2252 requiritur:
780 2179 922 2256 erice-eor,
952 2177 1087 2237 νέκυ-σσι
1112 2183 1144 2254 ²),
1176 2176 1318 2257 plue-eur,
1349 2179 1515 2256 δάκρυ-σαι.
1539 2180 1624 2238 Item

358 2277 497 2336 ‘eoldum
531 2278 629 2352 (vulg.
664 2276 795 2348 nortae)
826 2280 860 2338 et
894 2274 970 2336 ὄισσι
1005 2279 1063 2348 (sic
1094 2279 1180 2352 Fiek,
1213 2277 1299 2351 vulg.
1329 2273 1444 2348 decen?
1476 2278 1516 2338 ol.
1540 2279 1558 2346 5
1582 2277 1624 2336 88

358 2378 391 2438 et
418 2379 469 2438 74.

401 2477 571 2552 Reperitur
593 2479 704 2539 autern
727 2482 844 2549 ·εσσι(ν)
868 2493 931 2539 uon
953 2478 1061 2538 solum
1085 2478 1118 2538 lu
1141 2478 1231 2554 poesi
1255 2478 1355 2552 epioe,
1379 2478 1435 2537 sed
1459 2478 1627 2551 praeterea

358 2577 528 2638 adhibetur
550 2579 692 2652 apoetis
711 2579 843 2654 Aeoliis,
863 2579 897 2638 et
910 2613 949 2621 —
963 2579 1047 2651 qued
1066 2579 1170 2640 multo
1190 2578 1324 2638 maioris
1343 2577 1395 2637 est
1413 2577 1571 2638 momenti
1584 2608 1625 2619 -

359 2680 474 2754 regnat
497 2679 530 2738 in
553 2678 813 2754 inscriptionibus
836 2679 960 2741 Lesbiis
989 2680 1149 2741 Boeotiels
1171 2677 1377 2755 Thessalicis,
1401 2677 1553 2751 frequens
1577 2679 1629 2738 est

360 2782 392 2841 lu
425 2781 557 2841 Derieis.
597 2781 689 2841 Unde
724 2783 857 2857 apparet
887 2781 948 2857 ipsi
977 2781 1107 2856 linguae
1145 2783 1296 2856 primitus
1326 2779 1491 2855 proprium
1526 2779 1627 2841 fuisse

360 2883 445 2942 hunc
488 2883 674 2958 terminum,
717 2899 779 2944 non
818 2883 922 2958 poetis
962 2883 1079 2958 deberi,
1118 2884 1152 2943 et
1187 2882 1381 2944 reiciendam
1421 2881 1519 2955 igitur
1556 2897 1629 2942 esee

361 2984 542 3058 opinionem
573 2998 593 3043 a
624 2984 742 3059 Boppie
772 2985 850 3045 elim
880 2984 1050 3060 prolatam,
1082 2985 1133 3045 cui
1163 2985 1259 3046 multi
1287 2983 1476 3059 adstipulati
1498 2986 1576 3043 sunt
1596 2978 1629 3060 ³),

362 3100 459 3159 preve
490 3083 656 3158 analogiae
688 3085 795 3146 studio
825 3086 932 3146 deberi
955 3085 1113 3147 suiilxum
1135 3086 1332 3160 disyllabum
1355 3087 1489 3161 -εσσι(ν);
1514 3099 1631 3160 nempe

361 3186 402 3247 ed
424 3185 640 3248 imilationem
662 3202 789 3265 vocum,
813 3187 925 3262 quales
948 3190 1026 3250 sunt
1049 3186 1148 3249 iterem
1169 3185 1294 3269 ylvreer,
1317 3188 1485 3262 inquibus
1505 3185 1632 3262 syllaba

362 3307 406 3349 -σι
432 3289 584 3351 adiuncta
614 3291 665 3350 est
695 3291 788 3366 stirpi
820 3291 852 3352 in
874 3307 921 3350 -εσ
943 3291 1114 3368 desinenti,
1138 3292 1252 3366 postea
1274 3291 1431 3352 formatos
1454 3306 1526 3351 esse
1551 3290 1632 3350 deti-

364 3407 422 3452 vos
455 3389 611 3450 Αἰάντεσσι
641 3390 762 3451 πόδεσσι
793 3392 865 3468 etc,
896 3395 930 3453 et
960 3393 1020 3453 has
1050 3393 1164 3454 deinde
1192 3393 1313 3454 formas
1336 3392 1415 3452 viiie
1439 3393 1535 3452 natas
1559 3391 1631 3452 effe·

280 3565 284 3576 .
363 3493 447 3554 cisse
469 3494 506 3552 ut
529 3493 600 3568 ipsa
622 3495 753 3554 vetusta
776 3495 809 3554 et
832 3493 930 3570 prebe
953 3495 1009 3555 illu
1032 3491 1131 3554 ἔπεσσι
1154 3491 1268 3575 γένεσσι
1295 3494 1575 3569 corrumperentur
1599 3493 1632 3552 in

365 3610 467 3656 novas
499 3593 618 3668 ligurus
650 3591 763 3654 ἐπέεσσι
793 3591 929 3674 proicere.
961 3597 1086 3657 Bonum
1117 3597 1240 3658 iactum
1264 3613 1342 3658 sane
1366 3596 1450 3670 qued
1473 3610 1536 3655 uon
1559 3596 1635 3655 binc

366 3697 512 3771 prognati
541 3697 619 3757 sunt
649 3697 809 3771 longiores
839 3698 939 3758 etiem
964 3699 997 3758 et
1019 3698 1145 3772 peiores
1168 3698 1271 3759 dativi
1293 3694 1466 3758 Alamieeer
1488 3693 1636 3776 ποδέεσσι,

366 3813 444 3858 mex
474 3796 580 3858 daturi
611 3799 797 3873 progeniem
825 3798 1022 3860 vitiosiorem
1047 3795 1175 3859 ἕπεέεσσι
1206 3814 1350 3874 quaeque
1374 3799 1406 3860 id
1432 3814 1536 3874 genus
1558 3800 1637 3860 sunt

365 3901 446 3961 eliel
480 3900 524 3960 At
555 3900 667 3960 missis
697 3901 776 3962 iocis
798 3901 882 3962 serlo
905 3903 1094 3978 reputemus
1116 3917 1216 3976 quam
1238 3901 1343 3962 multa
1370 3901 1501 3962 obstent
1523 3901 1636 3976 Beppii

367 4002 516 4077 opinioni.
548 4001 671 4076 Nempe
702 4001 784 4062 labis
814 4004 883 4062 tam
915 4002 980 4063 late
1002 4004 1171 4077 gliscentis
1193 4004 1344 4078 ipsosque
1366 4017 1484 4063 nervos
1507 4002 1636 4076 linguae

369 4102 539 4164 alflcleutis
561 4102 688 4162 nullum
713 4103 900 4177 exemplum
924 4103 956 4163 in
979 4103 1090 4178 lingua
1113 4103 1285 4164 Homerica
1312 4103 1421 4178 extat;
1445 4103 1637 4178 quapropter

371 4205 475 4264 multa
505 4203 646 4279 proiecto
669 4219 857 4265 concurrere
879 4205 1041 4266 debebunt
1063 4206 1190 4282 indicia,
1213 4207 1251 4266 ut
1273 4204 1488 4266 concedamus
1511 4206 1638 4265 veteres

371 4308 518 4368 cauteres
552 4307 631 4368 odeo
664 4305 790 4368 seloeee
828 4322 889 4368 sua
927 4306 1037 4382 lingue
1074 4323 1151 4370 usos
1184 4323 1267 4385 esse,
1310 4309 1344 4368 et
1378 4306 1430 4368 vel
1463 4305 1511 4368 sic
1544 4306 1639 4367 iuviti

405 4541 425 4609 ¹)
442 4545 496 4594 Nisi
514 4545 597 4607 telier,
615 4545 697 4593 i'orrue
716 4548 819 4594 venirem
837 4547 939 4606 evincit,
956 4547 1070 4596 radicem
1087 4547 1159 4594 vocis
1176 4559 1233 4594 esse
1253 4546 1330 4600 νέκυςς
1354 4545 1423 4605 qued
1442 4547 1464 4594 si
1485 4558 1574 4592 rerum
1592 4547 1640 4606 est,

372 4624 453 4672 altere
479 4624 558 4672 dativi
583 4625 649 4686 plur.
675 4625 757 4672 ferme
780 4639 832 4673 uon
854 4639 886 4674 ex
909 4627 1012 4675 elue-ern
1035 4626 1082 4675 sed
1105 4640 1136 4674 ex
1159 4625 1264 4673 vinee-er
1281 4620 1322 4688 (ut
1338 4613 1464 4690 lime-e.)
1481 4624 1583 4686 prodiit
1601 4625 1640 4672 Do

370 4707 466 4750 nituere
484 4705 533 4751 ste.
551 4704 583 4750 ci.
602 4717 627 4764 p.
645 4704 735 4765 ΜΗ.

405 4777 427 4846 ¹)
445 4781 501 4831 vid.
519 4786 579 4831 netu
596 4783 760 4845 praecedens.

405 4859 428 4928 ³)
445 4864 501 4913 vni.
526 4865 556 4912 G.
579 4863 677 4924 Meyer¹
699 4881 724 4927 p.
749 4867 798 4914 855
815 4881 864 4929 sq,
882 4861 983 4916 bieme*
1000 4881 1025 4930 p.
1044 4869 1075 4916 ab
1093 4879 1141 4928 sq,
1159 4867 1187 4914 Ε.
1206 4865 1226 4914 Ι.
1243 4866 1333 4926 Haupt
1349 4863 1382 4911 ds
1404 4865 1534 4914 neminum
1552 4865 1578 4914 in
1596 4869 1644 4921 -rdc

372 4946 520 4994 exeuntium
538 4945 646 4995 flexione
664 4947 800 4996 Homerios
817 4961 843 5010 p.
862 4950 892 4997 ia
910 4951 957 4997 ete.

1511 5021 1538 5068 ii
