3936 5704
947 655 1029 700 XVIII

352 835 439 896 dicta
469 832 529 892 eet.
563 827 649 891 ciem
679 844 735 890 cur
757 830 863 889 civem
886 845 983 890 suurn
1007 830 1177 891 iactaverit
1199 830 1388 906 Homerum,
1413 831 1505 892 docet
1526 831 1615 894 locus

352 934 475 1009 Hymni
509 931 666 1006 Apollinis
700 946 748 992 rs.
783 932 845 992 165
875 946 956 1007 sqq,
988 931 1042 991 ubi
1072 935 1167 1005 poeta
1189 932 1327 1008 Ionicus,
1352 932 1406 1006 qul
1429 948 1558 994 cmmen
1583 935 1614 994 in

352 1037 506 1096 honorem
530 1031 687 1105 Apollinis
710 1030 792 1092 Delii
814 1032 1005 1108 composuit,
1027 1032 1074 1092 sic
1097 1031 1195 1105 linem
1218 1033 1297 1093 iacit
1319 1033 1470 1095 canendi:

530 1126 588 1192 ἀλλ’
613 1123 709 1210 ἄγεθ’,
729 1129 825 1207 tiques
847 1126 901 1206 μὲν
921 1125 1071 1190 Ἀπόλλων
1090 1125 1234 1209 Ἀρτέμιδι
1258 1131 1322 1208 ξύν,

528 1231 638 1312 χαίρετε
660 1225 688 1290 θ’
712 1222 785 1308 ripae
807 1238 907 1290 πᾶσαι·
931 1228 1009 1309 ἐμεῖο
1034 1226 1065 1290 ii
1087 1229 1137 1291 καί
1159 1229 1317 1310 μετόπισθε

529 1325 690 1411 μνήσασθ’,
711 1327 820 1392 ὁππότε
840 1327 892 1390 νίν
915 1352 958 1404 reg
980 1329 1161 1411 ἐπιχθονίων
1183 1329 1355 1412 ἀνθρώπων

528 1428 631 1496 ἐνθάδ’
654 1431 815 1514 ἀνείρηται,
836 1431 930 1506 ξεῖνος
952 1433 1136 1513 ταλαπείριος
1159 1431 1265 1494 ἐλθών·

532 1528 776 1616 1,ὦιιοθραι,τίς
799 1529 828 1595 i’
853 1527 926 1614 ὗμιν
949 1533 1025 1615 ἀνὴρ
1048 1535 1166 1615 ἥδιστος
1190 1533 1301 1597 ἀοιδῶν

529 1638 639 1700 ἐνθάθε
661 1635 811 1715 ποιέεται,
832 1635 881 1697 καί
904 1633 957 1722 siqu
981 1635 1122 1717 τέρπεσθε
1144 1638 1267 1716 μάλιστα
1275 1641 1304 1712 ;”

528 1733 600 1819 ipsc
624 1734 651 1799 θ’
678 1729 711 1799 εὖ
735 1738 812 1816 μάλα
835 1747 927 1798 πᾶσαι
951 1733 1147 1818 θποιιρίνασθ’
1173 1736 1322 1817 ίνφήμως·

533 1840 660 1919 ,τυφλὸς
683 1837 770 1918 ἀνήρ,
792 1838 869 1900 οίιιεῖ
887 1835 919 1899 ii
942 1839 1006 1925 Χίρο
1029 1838 1073 1900 ἔνι
1095 1837 1330 1925 παιπαλοέσσῃ”,

352 1963 476 2011 <sconem
503 1947 601 2021 igliur
629 1946 786 2004 commem
811 1938 877 2002 Otii
898 1941 1086 2003 bnbtnntem
1110 1943 1216 2003 verbis
1238 1944 1373 2005 minime
1397 1945 1558 2020 ambiguis
1580 1959 1616 2004 se

353 2065 540 2125 nuncupans
569 2049 637 2123 ipse
659 2044 689 2114 ¹).
720 2045 846 2106 Attente
874 2047 983 2106 autem
1015 2061 1090 2106 cum
1121 2045 1249 2106 litterae
1276 2045 1416 2106 Graecae
1439 2049 1507 2106 tam
1531 2045 1616 2106 laeta

353 2152 590 2213 efflorescerent
618 2150 656 2207 nt
684 2149 780 2207 natae
809 2147 852 2206 ibi
884 2162 955 2206 esse
987 2147 1181 2222 viderentur,
1212 2148 1281 2222 ipse
1322 2162 1447 2220 quoque
1482 2162 1615 2222 poeseos

354 2256 443 2330 pater
473 2252 546 2313 inde
572 2250 726 2311 oriundus
748 2248 849 2308 luisse
872 2249 956 2309 credi
980 2249 1084 2323 potuit
1103 2241 1141 2322 ²l;
1167 2248 1321 2309 accedunt
1345 2249 1484 2322 vestigia
1507 2249 1616 2308 Attica

351 2357 385 2415 in
407 2357 543 2428 utroque
563 2351 705 2412 carmine
724 2350 806 2410 satis
818 2349 939 2425 erebra,
956 2364 1039 2422 quae
1058 2350 1283 2411 Aristarchum
1302 2351 1336 2411 et
1356 2352 1467 2410 nostro
1487 2350 1615 2410 saeculo

353 2455 508 2517 cenerum
527 2449 549 2523 ³)
573 2454 746 2513 moverunt
768 2452 805 2511 ut
823 2450 1002 2511 Homerum
1021 2465 1135 2512 revera
1155 2452 1389 2511 Atheniensem
1408 2452 1509 2512 luisse
1528 2455 1615 2527 pute·

352 2561 433 2621 reni.
457 2555 633 2632 Oobpioeie
652 2555 684 2614 in
704 2552 837 2628 Hargite
856 2553 998 2616 carmine
1018 2553 1140 2615 mentio
1160 2551 1258 2615 tiebat
1276 2548 1309 2623 ⁰).
1327 2553 1465 2630 Rhodus,
1481 2551 1617 2614 θοίοιηίσ

355 2661 480 2738 Cypria,
501 2661 602 2735 Arpos
620 2672 765 2731 quaeque
784 2658 950 2731 praeterea
970 2656 1020 2718 hic
1040 2656 1287 2717 commemorari
1307 2657 1457 2730 poterant
1469 2657 1619 2718 civitates

351 2765 435 2825 unde
470 2763 530 2823 sibi
561 2760 740 2820 sumserint
762 2760 798 2818 ut
821 2759 925 2819 civem
949 2773 1044 2818 suum
1069 2758 1247 2818 Homerum
1271 2757 1372 2818 luisse
1394 2757 1617 2833 gloriarentur,

351 2865 510 2939 inquirere
545 2876 607 2922 non
641 2862 736 2920 vacat
755 2863 787 2928 ὅ).
812 2859 894 2918 Nam
919 2859 1024 2918 inanis
1047 2862 1099 2920 est
1122 2860 1202 2919 haec
1224 2859 1381 2934 quaestio,
1405 2859 1467 2919 nisi
1491 2860 1617 2918 constet

352 2967 530 3027 Homerum
550 2976 663 3021 revera
682 2961 854 3033 aliquando
872 2961 1003 3020 vixisse.
1024 2961 1116 3021 Hanc
1135 2964 1247 3021 autem
1265 2975 1346 3036 rem,
1363 2961 1478 3032 deque
1491 2963 1617 3020 veteres

352 3082 392 3128 ne
423 3064 610 3128 dubitarunt
640 3061 780 3136 quidem,
804 3061 896 3121 hodie
919 3061 992 3134 quis
1015 3062 1144 3134 estqui
1166 3060 1329 3122 affirmare
1352 3061 1439 3122 ausit
1461 3063 1615 3133 tanquam

351 3166 500 3230 certam?
517 3163 635 3240 Quodsi
654 3162 819 3235 quaeritur
839 3161 997 3222 rixeritne
1017 3175 1159 3234 unquam
1174 3164 1268 3236 poeta
1279 3162 1332 3222 cul
1343 3162 1484 3222 Homero
1496 3175 1614 3222 nomen

260 3279 263 3287 '
352 3267 458 3342 inerit,
482 3262 714 3337 respondemus
732 3262 867 3323 libenter
894 3275 952 3322 noe
976 3261 1114 3338 credere,
1138 3277 1202 3322 non
1224 3264 1334 3323 tamen
1358 3262 1566 3337 repugnaturi
1587 3261 1615 3321 si

387 3613 407 3679 ¹)
424 3617 493 3664 Gens
518 3618 604 3662 autem
630 3615 755 3674 quaedam
778 3612 903 3678 Ὁμηρίδαι,
930 3626 996 3672 quae
1023 3616 1081 3661 ante
1106 3613 1259 3661 Strabonem
1284 3613 1341 3661 xiv
1365 3627 1389 3674 p.
1415 3616 1462 3662 litt
1479 3614 1505 3660 in
1524 3613 1617 3660 nostris

352 3693 467 3740 sontibus
483 3707 533 3741 non
551 3695 771 3753 commemoretur,
787 3689 907 3738 ininsula
921 3691 984 3740 Ohlo
1003 3693 1120 3749 extabst;
1144 3693 1212 3752 qnod
1231 3705 1324 3740 nomen
1341 3697 1443 3740 moetus
1461 3693 1493 3739 ab
1512 3692 1616 3739 Homeri

352 3773 453 3820 nomine
475 3771 581 3820 ductum
607 3771 772 3831 ambigebant
792 3773 900 3827 veteres,
924 3771 976 3818 rid.
998 3773 1120 3832 Harpocr.
1138 3784 1159 3818 a.
1176 3785 1199 3818 v.
1218 3795 1250 3805 -
1269 3769 1405 3820 Praeterea
1421 3772 1453 3818 oi.
1470 3770 1616 3830 Stephanus

352 3852 411 3910 Bya.
429 3865 449 3898 a.
466 3864 490 3898 v.
509 3855 629 3907 Βολιααός.

385 3925 407 3993 ²)
424 3930 557 3989 Smyrnam
580 3935 675 3990 antem,
699 3930 804 3976 Homeri
827 3929 945 3989 patriam,
968 3929 1160 3976 Atheniensium
1185 3929 1309 3977 coloniam
1327 3929 1407 3976 iulaee
1425 3929 1544 3989 perbibet
1561 3928 1614 3988 epi·

352 4020 466 4066 gramma
484 4008 510 4055 in
527 4009 689 4056 Pisistratum
706 4003 768 4071 (rid.
785 4005 876 4068 iniret:

698 4087 804 4150 riphepog
819 4087 864 4150 γὰρ
881 4093 953 4139 κεῖνος
969 4088 982 4132 ri
998 4089 1097 4151 χρύσεος
1114 4083 1140 4146 ἣν
1156 4089 1270 4148 πολιήτης,

748 4166 811 4229 simp
828 4167 949 4225 Ἀθηναῖοι
967 4169 1075 4228 Σμύρναν
1091 4166 1247 4227 Antoninorum.

385 4239 404 4300 ³)
421 4243 505 4289 Etiam
523 4242 689 4302 sangebuaob
706 4243 808 4290 Homer.
825 4244 893 4290 Dlse.
911 4242 937 4288 Il
954 4257 979 4303 p.
999 4245 1044 4291 101
1064 4255 1119 4302 sqq.
1138 4245 1173 4290 its
1192 4245 1318 4304 opinatur.

385 4319 406 4385 ⁴)
424 4322 575 4382 (iolophouii
590 4328 676 4370 autem
693 4325 766 4370 eraut
782 4324 951 4384 Xenophanes
969 4323 1112 4385 rhapsorius
1135 4325 1230 4371 saeonli
1249 4326 1291 4372 vri
1313 4329 1339 4372 ot
1357 4324 1522 4373 Antimachus
1539 4326 1613 4384 pontu

351 4404 441 4462 epious
456 4402 551 4450 mesnil
570 4405 610 4462 θη
629 4403 671 4450 hio
689 4417 735 4464 pro
753 4403 910 4464 Colophonio
927 4404 1039 4452 babebat
1055 4406 1204 4466 Homerum,
1222 4407 1282 4453 item
1300 4406 1427 4454 Nicander
1444 4406 1548 4466 aliique.

385 4479 405 4546 ⁵)
423 4483 520 4530 indicia
543 4497 574 4530 es
596 4485 660 4544 ipsis
677 4484 834 4532 carminibus
850 4485 932 4546 epicis
951 4485 1031 4544 petits
1048 4488 1206 4547 pepererunt
1224 4486 1370 4547 plerasque,
1388 4487 1498 4533 sortasse
1516 4497 1613 4538 omues,

352 4574 418 4620 qnae
443 4560 476 4610 de
500 4563 604 4610 Homeri
629 4563 727 4622 origine
752 4563 867 4622 prolatae
890 4565 959 4620 snut,
980 4563 1122 4624 opiniones.
1145 4565 1213 4613 Hnse
1235 4566 1282 4612 bac
1306 4565 1338 4613 de
1361 4580 1389 4614 re
1413 4565 1521 4625 egerunt
1536 4563 1564 4610 H.
1582 4564 1612 4611 G.

351 4639 466 4688 Heioher
485 4638 532 4688 der
553 4639 657 4701 episehe
680 4640 773 4700 Oreine
787 4655 813 4703 p.
830 4642 949 4702 iii-rie,
971 4642 1139 4702 sengebusob
1159 4644 1233 4690 Hom.
1251 4644 1317 4692 Diae.
1344 4645 1377 4692 ll.
1395 4645 1489 4692 Hotetu
1507 4643 1612 4701 mgnum

351 4721 392 4770 eet
407 4717 497 4780 Hilsti,
514 4731 565 4778 qua
582 4716 653 4764 nulla
670 4717 762 4766 clarior
779 4719 917 4779 aliquando
934 4720 983 4767 init
1000 4721 1091 4770 ciritae
1108 4723 1213 4781 Graeca,
1236 4723 1317 4770 oirem
1340 4717 1354 4770 'a
1375 4725 1476 4770 nemine
1494 4725 1611 4771 vocatum

350 4809 407 4844 esse
424 4797 571 4846 Homerum.
