3944 5730
358 823 376 890 5
399 823 453 892 97]
959 817 1023 882 266

402 1000 425 1085 S
449 1003 502 1070 ul.
532 1007 638 1068 Etiam
659 1005 916 1068 demonstrativa
935 1003 985 1066 dds
1003 1007 1038 1068 et
1056 995 1143 1076 οὗτος
1162 1021 1238 1067 oum
1257 1005 1419 1068 adverbiis
1437 1007 1507 1067 suls
1527 991 1585 1066 ὧδε
1606 1005 1627 1076 ¹)

359 1109 393 1167 st
422 1105 539 1184 obruis)
570 1109 602 1168 ln
634 1109 743 1182 lingua
771 1108 861 1182 eplca
891 1108 1096 1182 usurpantur.
1129 1106 1228 1168 Paulo
1259 1110 1370 1168 tamen
1393 1107 1495 1169 rarior
1518 1122 1626 1182 prono·

360 1210 459 1270 minis
481 1201 568 1282 οὗτος
590 1213 641 1272 est
664 1225 761 1284 usus;
786 1225 813 1270 e.
837 1225 868 1283 g.
894 1210 1102 1271 observatum
1127 1212 1187 1287 est,
1211 1226 1372 1284 nusquam
1399 1209 1628 1285 praepositioni

360 1313 567 1372 subiunctum
591 1311 722 1386 reperiri
746 1308 787 1384 ’λς
813 1325 878 1370 una
901 1311 1006 1372 iorma
1029 1319 1121 1371 τοῦτο
1144 1312 1258 1373 multis
1281 1312 1360 1374 locis
1382 1313 1530 1373 occurrit.

404 1513 607 1574 Pronominis
630 1509 679 1572 ilde
703 1513 849 1574 dativum
869 1513 1036 1574 insolitum
1057 1513 1191 1588 pluralis
1210 1513 1337 1575 numeri
1356 1511 1522 1586 roioivlolm
1542 1529 1627 1588 prae·

360 1617 415 1677 bet
449 1618 560 1677 textus
591 1615 739 1690 receptus
771 1615 798 1674 li
831 1615 894 1677 462
927 1615 946 1694 β
977 1617 1031 1693 47,
1065 1617 1127 1678 166
1157 1617 1628 1694 iucundissimum

361 1719 465 1780 torma
505 1719 701 1794 metaplasta
735 1719 906 1792 aliquando
939 1718 972 1780 ln
1006 1735 1060 1781 ore
1098 1720 1267 1781 bominum
1301 1717 1451 1781 extitisse
1492 1719 1629 1796 videtur,

361 1825 447 1884 certe
471 1822 674 1884 librariorum
698 1823 859 1884 erroribus
882 1839 956 1884 eum
980 1822 1087 1884 deberi
1111 1823 1284 1897 quominus
1315 1823 1469 1899 putemus
1492 1824 1526 1884 et
1548 1823 1630 1884 ratlo

361 1926 469 1986 obstat
504 1929 537 1986 et
569 1927 732 2000 genitivus
765 1925 911 2003 τῶνδεων,
945 1943 1042 2000 quern
1077 1927 1196 1988 Alcaeo
1226 1927 1339 1988 tribuit
1368 1926 1571 1988 Herodianus
1598 1927 1630 1986 in

363 2027 505 2088 Oramari
538 2028 656 2089 Anecd.
681 2027 908 2090 Oxou.1253
941 2029 990 2098 (ir.
1026 2029 1138 2090 Alcaei
1164 2030 1225 2089 127
1251 2027 1382 2102 Berglrl:
1408 2029 1552 2105 ζητοῦμεν
1575 2017 1632 2086 οὖν

362 2126 412 2188 καλ
444 2127 476 2189 τὸ
512 2130 717 2189 τοῖσδεσσι
751 2138 814 2201 πῶς
845 2128 965 2208 εἴρηται·
998 2127 1048 2188 καλ
1076 2125 1199 2206 ἄμεινον
1230 2127 1323 2209 λέγειν
1356 2125 1518 2189 inluseras·
1545 2136 1632 2188 τοῦτο

361 2230 542 2309 μιμούμενος
570 2229 699 2304 Ἀλκαῖός
730 2249 805 2311 φησι
833 2231 1025 2309 adrodatur,
1056 2230 1127 2310 ὅπερ
1166 2227 1242 2303 τινὲς
1265 2228 1372 2314 ἀγνοίᾳ
1395 2228 1553 2310 τάκρτβσῦς
1579 2227 1632 2290 ἀν-

363 2330 495 2410 έγνωσαν
524 2341 582 2393 τῶν
606 2333 693 2410 dedu,
714 2327 749 2393 ἵν’
776 2326 796 2416 ᾖ
819 2341 893 2393 τῶν
916 2333 1036 2392 δεῖνα.
1060 2334 1217 2395 Videmus
1240 2337 1352 2394 tamen
1376 2334 1469 2394 hodie
1493 2333 1632 2406 ignorari

363 2451 425 2508 quo
448 2451 547 2496 sensu
571 2437 751 2510 genitivum
776 2436 911 2495 τῶνδεων
927 2435 1069 2496 Alcaeus
1088 2436 1279 2510 adhibuerit,
1300 2435 1379 2496 olim
1399 2436 1510 2495 autern
1532 2435 1633 2494 fuisse

362 2537 417 2608 qui
440 2536 535 2596 allter
557 2537 664 2597 locum
688 2538 992 2612 interpretarentur;
1017 2537 1210 2611 quapropter
1229 2536 1334 2596 tutius
1358 2537 1484 2596 videtur
1503 2551 1565 2593 non
1588 2535 1633 2594 ita

363 2634 504 2694 multum
528 2635 681 2696 tribuisse
705 2637 779 2696 buic
802 2638 841 2696 de
860 2635 979 2696 Alcaeo
998 2635 1132 2695 Homeri
1152 2635 1316 2695 imitatore
1337 2635 1534 2695 testimonio.
1555 2634 1634 2693 Plus

364 2735 451 2794 valet
482 2735 653 2795 Larisaeae
683 2734 813 2795 dialecti
838 2735 1047 2810 comparatio,
1071 2735 1103 2794 in
1127 2751 1191 2807 qua
1214 2733 1345 2794 saeculo
1368 2736 1444 2794 ante
1468 2733 1633 2794 Christum

365 2833 424 2896 111⁰
456 2836 579 2898 vixisse
609 2836 771 2911 genitivos
802 2853 865 2898 non
897 2837 1006 2898 minus
1039 2835 1192 2898 mirificos
1221 2835 1334 2906 τοίνεος
1361 2837 1395 2898 et
1416 2843 1580 2896 τοῦννεοον
1603 2840 1634 2907 (a

364 2939 565 3000 nominativo
595 2936 645 2998 6νε
673 2941 809 3017 ductos),
841 2940 934 3001 docet
960 2939 1125 3015 inscriptio
1151 2938 1228 3001 (loll.
1254 2931 1528 3009 diuturnam
1552 2937 1635 2998 Del.¹

365 3042 458 3112 409);
495 3042 607 3113 τοίνεος
640 3039 696 3120 γὰρ
728 3038 971 3114 συντελεσθέντος
1001 3038 1052 3100 vol
1083 3040 1327 3119 σονμεννάντοον
1357 3039 1491 3100 πάντοον
1523 3036 1573 3098 διὰ
1599 3035 1635 3098 τὰ

364 3141 580 3222 φιλάνθροοττα
612 3142 777 3204 ττεττείστειν
807 3139 880 3203 litia
911 3163 940 3202 τε
971 3139 1066 3203 πολλὰ
1098 3151 1171 3202 τοῦν
1201 3141 1371 3222 χοεισίμουν
1403 3139 1555 3202 ἔσσεσθειν
1585 3137 1636 3199 καλ

364 3240 472 3304 ἑαυτοῦ
496 3242 546 3304 καλ
569 3253 602 3304 τᾶ
626 3243 705 3324 πόλι,
726 3244 777 3306 καλ
800 3243 854 3305 τὰν
878 3245 990 3324 κούραν
1013 3248 1125 3323 μᾶλλον
1148 3241 1450 3324 λξεργασθείσεσθετν,
1479 3241 1637 3320 ἕψάφιστει

365 3354 399 3404 τᾶ
423 3345 553 3406 πολιτεία
576 3343 742 3426 πρασσέμεν
764 3368 819 3426 περ
842 3355 1005 3406 τοῦννεουν
1027 3343 1116 3407 καττὰ
1140 3341 1155 3404 ὁ
1179 3344 1317 3425 βασιλεὺς
1337 3333 1521 3425 λγρατρεθλο.
1544 3346 1634 3406 Alia-

367 3465 440 3510 ruon
473 3451 633 3513 claudicat
664 3453 743 3513 laroc
773 3467 899 3526 quoquo
926 3450 1134 3528 corrrparatIo,
1158 3466 1235 3512 narn
1258 3448 1407 3512 insolltaa
1426 3450 1490 3512 llas
1513 3449 1635 3511 iorrnas

366 3554 539 3616 nunidem
563 3557 646 3631 quod
670 3555 756 3616 τοῦδε
780 3557 813 3617 et
833 3555 926 3616 τῶνδε
953 3555 1059 3616 valere
1082 3555 1139 3616 sed
1162 3553 1353 3630 respondere
1385 3555 1505 3616 Atticis
1523 3553 1634 3630 geniti·

367 3658 417 3719 vis
439 3657 546 3719 τούτου
570 3662 603 3720 et
625 3657 737 3719 τούτων
762 3659 931 3720 verborum
957 3660 1131 3720 contextus
1155 3658 1257 3719 docet.

410 3761 447 3821 In
472 3760 605 3822 Homeri
628 3763 722 3822 textu
746 3764 773 3820 li
797 3761 861 3823 462
886 3763 1015 3822 mature
1037 3762 1159 3822 lectum
1183 3775 1256 3820 esse
1279 3759 1424 3820 τοῖσδεσσι
1443 3763 1576 3836 apparet
1595 3775 1636 3820 ex

367 3862 548 3923 imitatione
571 3863 668 3924 huius
691 3863 753 3923 loci
777 3863 809 3922 in
832 3863 936 3938 lapide
960 3863 1053 3923 Pario
1076 3863 1199 3924 saeculi
1221 3863 1245 3924 1Ι
1268 3863 1334 3923 iere
1358 3866 1432 3937 post
1461 3862 1635 3938 Christum,

369 3963 444 4025 CIG.
479 3965 564 4025 2388
598 3965 722 4034 (Kaibel
759 3965 863 4040 Epigr.
897 3966 988 4034 818l:
1014 3969 1094 4043 χοῖρε
1117 3961 1175 4024 θεὰ
1198 3964 1343 4024 τοῖσδεσσι
1365 3961 1416 4024 καὶ
1437 3963 1550 4040 ἱλήκοις
1574 3965 1636 4021 Πα-

367 4065 482 4142 ρίοισιν.
507 4066 589 4142 Quin
614 4067 713 4127 etiam
739 4064 778 4125 ll⁰
802 4069 878 4126 anta
903 4067 1067 4127 Christum
1090 4067 1219 4127 saeculo
1243 4067 1275 4127 in
1295 4067 1395 4127 lliude
1414 4068 1461 4127 ita
1480 4067 1636 4139 scripturn

368 4181 440 4225 esse
474 4169 638 4227 constaret
673 4183 714 4227 ex
751 4167 869 4228 Critiae
909 4168 1066 4228 versiculo
1100 4183 1197 4240 quern
1232 4168 1425 4228 Plutarchus
1458 4167 1560 4227 Alcib.
1595 4168 1636 4225 33

368 4267 478 4325 affort:
511 4264 638 4344 σφραγὶς
669 4261 699 4324 (λ’
733 4262 874 4344 ἡμετέρης
905 4265 1038 4347 γλώσσης
1069 4264 1117 4326 ael
1140 4267 1320 4326 τοῖσδεσι
1343 4273 1445 4342 κεῖται,
1469 4269 1497 4327 si
1522 4266 1579 4326 tall
1604 4266 1636 4323 in

368 4381 402 4424 re
434 4366 660 4440 mseriptornm
692 4367 774 4426 satis
797 4367 886 4427 certa
913 4367 1002 4426 esset
1024 4365 1104 4425 fides
1127 4366 1158 4436 (l.
1184 4382 1212 4425 a.
1237 4375 1289 4425 est
1311 4371 1371 4436 τοῖς
1395 4364 1427 4426 dl
1454 4372 1528 4441 σοι);
1553 4369 1638 4442 apud

368 4467 509 4538 tragicos
531 4465 721 4540 pervulgata
744 4467 796 4525 est
817 4466 922 4526 forma
945 4480 1044 4538 quam
1063 4465 1229 4541 poscimus
1247 4465 1364 4542 τοιοίδε,
1382 4467 1492 4539 quidni
1520 4466 1638 4527 Critias

368 4581 494 4639 quoque
517 4567 563 4626 ita
585 4567 775 4640 scrlpserit?

414 4669 568 4744 Quicquid
593 4669 623 4729 ld
651 4670 712 4748 ost,
738 4667 946 4730 Homericum
968 4685 1031 4731 uon
1055 4685 1128 4730 esse
1148 4669 1294 4730 dativum
1314 4669 1479 4741 roiodrloloa
1499 4673 1637 4748 constat,

405 4928 424 4997 ¹)
443 4933 598 4981 adverbium
617 4930 660 4980 rid·
678 4933 747 4996 apud
765 4935 905 4984 llomorum
924 4949 1048 4996 nusquam
1067 4933 1112 4983 hnc
1129 4934 1273 4996 siguiilonrn
1289 4949 1346 4996 pag.
1367 4935 1438 4997 luda
1458 4935 1575 4984 vidimus.

403 5013 423 5072 λ)
440 5015 494 5062 Non
512 5017 621 5063 multum
640 5016 711 5063 iuvat
727 5017 774 5064 'l'lt
793 5017 887 5078 Braun,
905 5014 971 5072 οὗτος
988 5018 1014 5064 in
1033 5017 1079 5065 der
1096 5017 1167 5076 Ilias,
1184 5017 1306 5076 lintburg
1324 5017 1397 5064 laad.
