3908 5724
373 682 394 761 a
417 685 492 757 ιιι]
979 689 1045 750 aco

372 891 444 948 μην,
476 872 530 934 ubl
566 873 645 934 nlhll
681 875 790 936 obstat
824 877 999 951 quominus
1033 871 1228 954 έβινεσιόμην
1261 874 1453 951 scribamus,
1488 873 1520 934 in
1544 872 1648 935 altera

372 973 548 1034 manifesta
580 976 631 1035 est
661 975 801 1037 imitatio
832 976 982 1037 dictionis
1013 977 1133 1052 opicae,
1157 976 1220 1050 lpsl
1245 975 1358 1036 autem
1380 973 1508 1034 numeri
1533 989 1648 1035 versus

373 1070 493 1133 heroici
515 1073 688 1134 obstabant
709 1077 883 1148 quominus
907 1075 973 1136 illio
995 1075 1202 1136 adhiberetur
1220 1072 1646 1149 angmentum‚sac.1oro:

595 1171 622 1232 εἰ
643 1171 698 1252 γὰρ
721 1172 762 1250 μὴ
787 1175 916 1251 Νύμφαι
939 1195 972 1252 γε
995 1171 1066 1233 θεαὶ
1090 1173 1184 1232 Βάκιν
1211 1171 1423 1245 ἐξαπάτασκον.

372 1269 465 1343 Apud
501 1270 701 1332 Herodotum
735 1274 843 1334 omitti
872 1273 957 1334 solet
987 1273 1170 1334 huiusmodi
1206 1272 1385 1332 formarum
1411 1271 1644 1344 augmentum

372 1370 430 1430 sod
463 1385 536 1430 uum
571 1373 761 1446 reputamus
794 1387 893 1446 quam
930 1372 1033 1433 multa
1070 1372 1103 1433 in
1141 1373 1235 1432 textu
1269 1369 1449 1431 Herodoteo
1489 1369 1647 1430 mutanda

372 1469 493 1531 luerint
523 1471 698 1532 editoribus
738 1473 775 1532 ul
805 1473 970 1548 scriptoris
1006 1473 1104 1534 verba
1134 1471 1342 1533 conciliarent
1376 1486 1452 1532 cum
1486 1471 1528 1530 iis
1563 1484 1646 1544 quae

373 1569 484 1631 iubent
517 1587 598 1633 sona
631 1572 713 1633 ratio
748 1574 782 1633 et
818 1572 976 1634 dialectus
1006 1573 1115 1634 Ionica
1146 1587 1188 1633 ex
1219 1571 1482 1646 inscriptionibus
1505 1572 1644 1645 cognita,

372 1673 495 1734 nullam
519 1674 580 1735 hac
603 1675 689 1736 certe
713 1675 745 1734 in
770 1690 804 1736 re
828 1677 1056 1752 inscriptorum
1081 1691 1154 1738 ease
1178 1675 1406 1737 auctoritatem
1436 1676 1530 1738 facilc
1553 1675 1646 1736 nobis

372 1775 623 1852 persuademus;
653 1776 715 1838 vid.
739 1777 1023 1854 Schweighaeuser
1046 1777 1086 1838 nd
1110 1776 1226 1838 Herod.
1257 1777 1300 1838 IV
1327 1778 1399 1840 130.

886 2042 1128 2053 ——.—

867 2235 1056 2320 CAPUT
1082 2235 1153 2321 VI.

581 2417 631 2472 De
655 2417 771 2474 futuri
790 2417 913 2475 littera
933 2430 952 2474 σ
971 2418 1123 2475 carentis
1145 2419 1432 2476 condor-mationa.

419 2579 440 2662 ἥ
467 2581 535 2648 lli.
558 2586 720 2648 hiemanti
750 2604 767 2646 σ
798 2589 831 2648 in
855 2588 963 2650 futuro
991 2590 1105 2650 omissi
1129 2590 1242 2650 eadem
1270 2590 1337 2651 lere
1362 2592 1446 2665 opud
1469 2591 1649 2651 Homerum

375 2687 427 2746 est
449 2688 531 2747 ratio
555 2702 638 2761 quae
660 2690 774 2763 postea
796 2689 857 2750 luit
883 2687 912 2763 Ι),
936 2691 993 2751 sed
1023 2690 1183 2752 eiusmodi
1206 2691 1317 2751 lutura
1341 2691 1561 2753 contractione
1586 2707 1649 2753 non

373 2791 521 2864 utuntur;
565 2790 596 2850 ld
632 2791 715 2864 quod
756 2792 921 2852 neminem
957 2793 1077 2853 mirum
1113 2793 1229 2853 babere
1265 2794 1381 2868 potest,
1417 2794 1471 2868 qui
1506 2793 1646 2854 indolem

375 2891 526 2951 dictionis
561 2892 670 2966 epicae
704 2907 724 2952 a
759 2894 976 2955 contractione
1012 2893 1152 2954 alienam
1182 2893 1268 2954 norit
1276 2912 1284 2969 ;
1316 2894 1355 2955 cl.
1385 2891 1406 2970 ἕ
1431 2897 1460 2956 7.
1489 2895 1646 2970 Exemplo

375 2993 420 3052 ait
444 3007 558 3053 versus
582 3009 599 3051 σ
625 2993 704 3056 186;

595 3089 774 3172 ἀγγελέουσα
797 3091 916 3174 γυναιξὶ
938 3091 988 3154 καὶ
1012 3089 1191 3173 ὀτρυνέουσα
1214 3090 1345 3154 νέεσθαι.

417 3192 490 3253 Alia
512 3193 666 3270 exemplo
690 3197 784 3257 aunt:

419 3299 449 3366 1)
472 3311 492 3357 a
514 3297 614 3373 stirpe
637 3297 671 3359 in
695 3298 851 3374 liquidam
876 3301 1027 3362 exeunti:
1052 3295 1200 3377 σημανέω,
1222 3295 1331 3378 βαλέει,
1354 3293 1502 3360 ὀλέεσθαι.

417 3400 447 3469 2)
472 3414 491 3460 a
513 3400 614 3477 stirpe
638 3401 671 3462 ln
695 3406 754 3473 ἅ(σ)
778 3404 928 3465 exeunti:
953 3391 1081 3481 κρεμὸῗω,
1103 3390 1219 3481 depost,
1241 3390 1347 3481 έλῖἷειν,
1369 3390 1507 3462 dcccdccc
1525 3435 1566 3448 -
1583 3403 1645 3465 Sed

371 3499 563 3581 σιαρελάσσεις
599 3506 633 3562 Ψ
653 3505 728 3566 427.
763 3505 935 3568 Contracta
967 3506 1072 3568 forma
1094 3505 1212 3581 legitur
1236 3509 1264 3565 A
1288 3506 1328 3568 ol
1354 3502 1481 3583 πόλεμός
1504 3527 1533 3566 κε
1557 3505 1648 3590 δαμᾷ,

372 3605 423 3666 ubi
450 3607 675 3682 corrigendum
698 3607 827 3670 videtur
852 3607 992 3687 ’πόλεμος
1020 3608 1134 3685 depuisa.

415 3709 461 3771 De
496 3709 648 3788 stirpium
684 3711 716 3772 in
751 3717 810 3786 σ(σ)
843 3713 1062 3775 desinentium
1094 3713 1219 3776 σίσσλαελ
1247 3729 1330 3788 quac
1357 3712 1475 3776 dicitur
1498 3713 1647 3776 videatur

370 3811 489 3890 5191.

415 3917 446 3987 3)
480 3931 500 3976 a
534 3917 635 3994 stirpe
669 3917 703 3978 ln
736 3915 793 3996 ε(σ)
829 3919 976 3981 exeunti:
1019 3915 1115 3998 τελέω,
1150 3914 1291 3997 τελέουσι,
1330 3915 1492 3999 τελέεσθαι,
1526 3915 1647 3999 κορέεις,

369 4012 474 4095 κορέει,
495 4014 619 4096 καλέων,
640 4015 796 4080 καλέουσα.

413 4116 510 4178 Verbi
546 4113 650 4196 ὄλλυμι
685 4119 833 4182 futurum
865 4122 917 4182 est
947 4115 1057 4180 ὀλέσσαι
1083 4121 1117 4182 et
1139 4115 1211 4180 ὀλέω
1235 4120 1287 4192 (cf.
1311 4122 1329 4192 5
1355 4118 1455 4198 284²),
1490 4125 1525 4184 et
1556 4122 1645 4184 verbi

369 4216 499 4296 μάχομαι
521 4215 703 4297 μαχέσσομαι
727 4223 761 4282 et
784 4218 928 4299 μαχέομαι
951 4220 1002 4292 (cf.
1027 4218 1047 4297 ξ
1070 4222 1155 4290 291).
1180 4222 1241 4282 Pro
1271 4226 1406 4300 μαχεῖται
1440 4225 1466 4280 Y
1489 4224 1531 4284 26
1562 4222 1645 4296 legu-

370 4319 423 4378 tur
445 4315 570 4396 μάχηται
593 4334 670 4381 cum
699 4320 767 4381 cod.
794 4315 839 4382 0¹.

415 4417 677 4480 commemoratu
713 4421 810 4494 digna
840 4423 919 4481 aunt
948 4421 1049 4481 etiam
1079 4421 1169 4482 verbi
1200 4420 1297 4481 αλαια
1320 4422 1468 4483 futurum
1491 4418 1645 4481 πεσέονται

368 4515 527 4578 πεσέεσθαι
561 4523 592 4579 Λ
626 4521 690 4580 824
727 4523 745 4580 l
779 4522 843 4582 235
879 4523 951 4597 etc,
987 4523 1020 4583 et
1056 4521 1145 4583 verbi
1178 4520 1240 4600 εἰμί
1272 4537 1346 4583 rara
1381 4522 1486 4583 forma
1519 4519 1644 4582 έσσεῑιαι

369 4615 544 4691 (ἔσσὲεταιΐ)
566 4618 586 4697 ἐ
609 4621 684 4682 302.

372 4759 565 4769 *-

405 4837 423 4904 ¹)
442 4841 600 4904 hacipiendn
617 4846 679 4891 sunt
695 4844 774 4893 verbe
791 4845 818 4892 in
836 4847 894 4907 -λςα,
911 4844 944 4894 de
961 4845 1057 4906 quibos
1077 4844 1195 4893 rideatur
1212 4844 1228 4907 5
1246 4845 1303 4896 ulo.
