3908 5724
966 604 1030 665 888
1512 605 1541 677 [5
1566 607 1628 666 126

405 791 550 853 Eundem
581 792 692 851 autem
723 787 955 849 infinitivorum
986 790 1164 849 terminum
1194 789 1432 850 restituendum
1455 804 1527 850 esse
1550 789 1628 849 locis

361 893 427 954 iere
450 892 591 968 centum,
623 891 677 950 ubi
707 892 819 951 textus
845 889 984 952 traditus
1007 891 1138 964 praebet
1161 889 1300 951 ebrietes
1322 891 1479 952 secundos
1502 891 1534 951 in
1558 887 1629 949 -έειν

362 997 580 1070 excurrentes,
602 992 765 1054 intellexit
789 992 823 1054 L.
849 992 957 1068 Meyer
978 992 1084 1066 Vergl.
1110 992 1254 1054 Gramm.
1279 994 1310 1053 II
1333 1009 1363 1068 p.
1389 993 1463 1054 284.
1497 993 1629 1054 iiormas

362 1097 474 1170 quales
504 1098 582 1156 sunt
611 1091 737 1172 βαλέειν,
767 1091 868 1170 ἰδέειν,
899 1091 1022 1154 θανέειν
1046 1095 1105 1155 etc.
1131 1094 1318 1155 recentioris
1341 1095 1459 1155 aetatis
1483 1095 1629 1155 homines

362 1195 557 1257 effluxerunt
586 1210 604 1256 e
635 1195 823 1268 vulgaribus
849 1194 973 1270 iormis,
996 1209 1079 1267 quse
1101 1195 1231 1269 propter
1253 1197 1424 1255 accentum
1448 1197 1630 1256 contractae

362 1297 402 1356 iis
424 1296 625 1370 videbantur,
647 1293 749 1373 βαλεῖν
771 1293 846 1353 ἰδεῖν
869 1297 994 1366 3ανεῖν;
1017 1293 1172 1355 nimirum
1192 1296 1309 1354 norant
1329 1295 1539 1356 Homericum
1558 1309 1629 1354 esse

361 1394 482 1474 φιλέειν,
515 1394 724 1456 remaculum
757 1409 832 1456 vero
864 1397 968 1470 φιλεῖν.
1001 1395 1045 1454 At
1075 1394 1259 1456 huiusmodi
1281 1397 1476 1456 eoristorum
1500 1411 1629 1472 prorsus

361 1499 460 1562 aliem
492 1497 651 1560 rationem
683 1511 755 1558 esse
790 1512 887 1571 quam
911 1496 1081 1558 verborum
1106 1499 1343 1559 contractorum
1367 1501 1630 1576 censuraeque

361 1601 482 1664 diducti
492 1599 644 1662 infinitivi
660 1599 694 1660 in
714 1599 845 1661 Hesiodi
869 1599 1052 1674 Theogonis
1076 1598 1272 1675 operibusve
1285 1599 1307 1672 'i
1330 1603 1387 1662 aut
1406 1603 1490 1675 apud
1505 1601 1629 1662 Ionicos

360 1704 533 1778 scriptores
556 1703 613 1763 sut
635 1701 668 1762 in
692 1701 850 1777 lapidibus
874 1703 992 1776 reperti
1012 1703 1090 1760 sunt
1109 1701 1183 1776 uiii;
1205 1703 1376 1763 rideantur
1395 1718 1476 1776 quos
1496 1704 1628 1764 laudant

363 1803 492 1864 Curtius
521 1802 664 1862 Verbum
694 1801 740 1862 11²
762 1817 792 1876 p.
820 1802 881 1863 119
905 1817 953 1876 sq.
986 1804 1019 1862 et
1051 1802 1157 1863 (ibrist
1181 1803 1213 1863 in
1237 1804 1355 1878 proleg.
1380 1805 1470 1865 Iliad.
1494 1820 1523 1879 p.
1550 1805 1628 1864 145:

362 1904 574 1964 rursumann
608 1903 647 1962 ds
679 1902 816 1963 dialecto
847 1901 975 1963 Hesiod.
1009 1917 1039 1976 p.
1064 1903 1117 1977 33,
1147 1903 1254 1963 Rzacb
1287 1904 1411 1965 Dialect
1433 1905 1490 1964 des
1513 1903 1631 1964 Hesiod

362 2021 392 2080 p.
416 2006 492 2080 441,
519 2003 653 2064 Bredow
679 2004 719 2064 de
741 2002 878 2065 dialecto
902 2003 1084 2064 Herodotea
1106 2019 1135 2079 p.
1163 2005 1227 2090 334
1250 2021 1331 2082 sqq,
1356 2005 1483 2067 Renuer
1506 2007 1545 2066 de
1568 2006 1630 2065 dia·

363 2107 446 2167 lecto
478 2105 667 2180 antiquioris
700 2105 894 2167 Graecorum
919 2106 1026 2181 possis
1049 2106 1209 2180 elegiacae
1240 2110 1273 2167 et
1296 2109 1453 2170 isrnbicae
1478 2108 1521 2179 (in
1547 2107 1632 2168 curt.

364 2209 497 2269 Studien
520 2208 535 2267 1
559 2209 578 2268 2
601 2222 631 2282 p.
656 2209 697 2268 33
722 2211 812 2282 sqq).
845 2209 978 2283 Egregie
1009 2211 1120 2269 autern
1153 2209 1186 2270 L.
1214 2209 1331 2283 ldeyeri
1363 2211 1469 2285 opinio
1492 2209 1632 2271 corrobo-

364 2310 454 2369 ratur
484 2310 598 2383 metro,
629 2307 712 2380 quod
743 2322 904 2380 nusquam
936 2323 999 2368 non
1030 2309 1108 2367 sinit
1131 2309 1227 2368 scribi
1250 2307 1332 2384 -έμεν
1355 2325 1411 2384 pro
1435 2311 1563 2370 traditis
1586 2309 1633 2369 iit·

363 2409 444 2469 teris
468 2405 558 2480 -έειν;
585 2411 643 2468 eut
667 2409 755 2468 enim
778 2407 935 2482 positione
959 2407 1055 2481 ionga
1077 2410 1129 2468 est
1151 2407 1277 2481 syllaba
1300 2407 1406 2470 linaiis
1429 2413 1487 2468 aut
1508 2411 1636 2484 propter

364 2524 533 2571 caesuram
565 2509 790 2582 insequentem
821 2508 951 2582 produci
981 2510 1089 2583 potest
1118 2512 1158 2580 (ε.
1182 2523 1212 2583 g.
1245 2511 1338 2570 '1¹15
1370 2509 1402 2568 a
1434 2511 1524 2586 008);
1558 2510 1635 2570 solis

366 2612 514 2674 versibus
545 2613 572 2668 Δ
596 2611 659 2671 363
683 2611 706 2681 ²)
729 2631 743 2670 ε
767 2610 831 2671 340
855 2613 877 2681 ²)
909 2633 930 2688 μ
953 2610 1017 2672 446
1048 2631 1064 2669 τ
1087 2610 1151 2671 433
1183 2634 1202 2670 υ
1227 2612 1292 2672 313
1318 2611 1425 2686 psuiio
1448 2612 1635 2673 insolentior

363 2717 414 2778 est
445 2715 589 2790 syllabae
624 2734 692 2790 -μεν
724 2714 898 2790 productio,
931 2715 988 2775 sed
1020 2715 1131 2775 tamen
1162 2712 1411 2786 haudquaquam
1440 2715 1557 2774 vitiose
1579 2717 1636 2774 aut

364 2819 525 2893 suspecta,
550 2817 589 2876 ei.
614 2815 633 2886 3
658 2816 716 2891 13;
742 2817 775 2876 in
798 2815 930 2877 Hesiodi
955 2818 1065 2877 eutem
1089 2830 1185 2876 versu
1209 2815 1326 2890 Tbeog.
1348 2816 1414 2876 480
1436 2817 1504 2892 ipse
1525 2819 1635 2877 textus

365 2919 504 2979 traditus
527 2916 687 2990 syllabam
711 2937 779 2993 -μεν
803 2918 935 2991 praebet
961 2917 1008 2977 ita
1030 2917 1236 2991 productam:

622 3015 724 3099 Κρήτῃ
747 3013 779 3075 έν
803 3015 901 3099 εδρείῃ
924 3014 1072 3094 τραφίμίν
1095 3015 1313 3094 ἀτιταλλέμεναί
1332 3038 1370 3076 τε.

409 3117 585 3178 videantur
606 3117 707 3177 etiam
740 3117 775 3174 H
796 3117 871 3192 418,
904 3117 978 3176 430.
1004 3117 1175 3177 Praeterea
1206 3118 1337 3177 Homeri
1361 3118 1474 3178 textus
1496 3119 1633 3179 traditus

364 3219 511 3293 acrisios,
545 3217 657 3290 quales
690 3217 864 3293 poscimus,
899 3217 1032 3291 praebet
1063 3217 1142 3277 locis
1173 3217 1401 3292 compluribus,
1433 3232 1514 3290 quos
1537 3233 1634 3292 supra

364 3319 596 3393 recensuimus,
630 3333 657 3378 e.
682 3333 711 3391 g.
747 3338 764 3377 ε
796 3318 859 3378 338
894 3315 944 3377 καί
978 3313 1110 3396 φαγέμεν
1143 3315 1247 3394 τιέμεν
1278 3338 1316 3376 τε.
1347 3318 1489 3390 Denique
1522 3334 1634 3379 versus

329 3498 333 3508 Ι
363 3419 518 3496 nonnulii,
541 3419 596 3480 ubi
616 3418 715 3478 έιδεῖν
735 3434 791 3494 pro
811 3415 900 3478 ἰδέειν
920 3420 1089 3480 restituere
1109 3433 1168 3480 uos
1188 3419 1273 3494 cogit
1284 3421 1437 3496 metrum,
1455 3419 1634 3480 luculenter

364 3523 587 3584 demonstrant
609 3521 786 3581 terminum
809 3518 882 3580 -έειν
900 3520 994 3596 culpe
1018 3523 1232 3595 posteriorum
1257 3538 1298 3580 ex
1321 3543 1379 3582 -ειν
1402 3522 1547 3596 potuisse
1566 3537 1632 3594 pro·

365 3624 446 3698 dire;
472 3621 534 3682 vid.
562 3621 670 3681 6453
693 3617 764 3699 πρὶν
787 3619 916 3698 πόλεμόν
935 3615 955 3680 τ’
979 3618 1068 3681 ἰδέειν
1087 3618 1226 3698 πολέμοιό
1246 3641 1275 3681 τε
1294 3619 1422 3701 μέρμερα
1442 3617 1556 3699 {prusti
1568 3621 1633 3680 410

366 3722 414 3784 σοί
446 3719 478 3783 δὲ
510 3719 579 3781 θεοί
608 3717 714 3798 ἄλοχόν
743 3715 763 3780 τ’
797 3718 886 3781 ἰδίειν
917 3719 967 3782 καί
1000 3715 1114 3801 πατρίδ’
1146 3718 1275 3799 lutobor,
1302 3723 1355 3782 ubi
1378 3721 1456 3782 olim
1481 3722 1581 3782 fuisso
1603 3741 1632 3780 τε

366 3825 485 3897 (έλιίεῐν
508 3838 604 3884 nemo
627 3822 693 3882 iam
717 3825 815 3896 negat
838 3825 871 3894 ⁸).

411 3926 498 4002 Quae
520 3939 596 3986 cum
622 3923 669 3983 its
691 3924 766 4000 sint,
790 3924 889 3985 nimis
911 3927 1044 3985 cnutum
1068 3939 1121 3985 me
1145 3923 1248 3984 iudice
1272 3939 1307 3984 se
1331 3923 1494 3999 praestitit
1516 3923 1631 3999 (ibrist,

366 4027 421 4102 qui
444 4040 518 4088 cum
542 4025 581 4086 de
604 4025 730 4085 vitiosis
751 4025 862 4087 coristi
886 4025 999 4086 formis
1022 4025 1055 4086 in
1081 4021 1153 4085 -έειν
1181 4027 1274 4086 acute
1295 4025 1494 4100 disputasset
1513 4026 1545 4085 in
1565 4040 1630 4099 pro

401 4277 563 4343 ¹)1nsouro
580 4295 626 4329 sex
642 4285 793 4330 occurrunt:
811 4295 847 4328 re.
866 4283 913 4329 331
933 4285 959 4329 et
976 4284 1033 4340 304,
1051 4285 1108 4344 340,
1127 4284 1184 4338 333,
1202 4285 1259 4339 333,
1277 4283 1334 4330 aui.

399 4354 421 4424 ²)
438 4360 486 4408 Hic
503 4359 583 4418 τιίμιν
600 4373 648 4422 pro
664 4361 736 4408 νειίιιε
754 4375 769 4408 e
787 4361 874 4408 codice
891 4361 987 4410 Veneto
1005 4363 1026 4410 N
1043 4362 1128 4422 potuit
1145 4362 1254 4409 restitui.

399 4435 420 4498 ι)
439 4439 492 4486 ilco
509 4439 566 4487 ioco
581 4439 682 4504 (λαλίμιν
697 4429 767 4504 Pi.)
783 4441 943 4502 scripsimus.

400 4515 421 4583 ⁴)
439 4519 494 4568 Non
511 4522 597 4567 umen
620 4517 688 4567 idern
706 4520 846 4569 remedium
864 4520 974 4568 Ohrietio
991 4524 1096 4569 auctore
1119 4516 1194 4584 (proi.
1212 4520 1242 4566 Ii.
1260 4535 1285 4581 p.
1305 4519 1363 4583 147)
1381 4521 1555 4570 ειδΙιίἰιοειιΙιιιιι
1574 4535 1630 4568 esso

368 4598 382 4646 δ
408 4600 456 4647 iio
481 4603 524 4658 (=
547 4618 557 4647 ι
580 4600 620 4659 41,
648 4599 695 4645 114
721 4601 734 4655 ζ
757 4599 805 4646 814
829 4621 836 4648 ι
861 4595 921 4664 bui)
943 4605 1024 4663 φίλους
1045 4601 1065 4648 τ’
1090 4601 1157 4648 ἰδίειν
1181 4603 1218 4648 καί
1241 4600 1334 4648 isiodus
1358 4601 1435 4648 docet
1459 4604 1569 4648 mokum
1587 4597 1631 4664 (oi.

367 4689 425 4736 pag.
440 4679 475 4724 18
492 4671 573 4740 sqq.);
590 4676 633 4724 bio
649 4677 728 4736 igitur
741 4681 820 4740 φίλους
832 4673 933 4738 falipn
948 4681 986 4727 irai
1001 4679 1095 4727 ἱκέσθαι
1111 4682 1153 4726 ost
1167 4678 1330 4726 scribendum
1346 4680 1404 4727 coll.
1420 4698 1433 4728 ιι
1448 4680 1496 4727 478
1510 4685 1630 4740 saudim

368 4757 406 4804 καί
425 4756 527 4804 διέσθαι.
