3934 5706
357 741 375 808 ἓ
399 741 453 811 38]
962 739 1022 800 127

358 925 478 985 babent
500 915 609 1001 (οὖλος,
630 922 750 1003 κιχάνω,
779 923 861 1003 τίνω,
882 923 1021 1004 ebarcio,
1050 924 1137 995 λῖσος
1162 921 1207 1002 ι)).
1240 926 1277 984 In
1304 925 1389 987 thasi
1413 927 1544 987 tantum
1567 929 1627 991 col·

357 1025 498 1086 locatam
522 1025 619 1087 habel
642 1027 776 1087 verbum
800 1017 912 1102 φθὰνω
938 1027 956 1085 Ι
977 1027 1041 1087 506
1067 1026 1097 1083 Φ
1119 1026 1182 1086 262
1213 1025 1340 1096 (Zenod.
1366 1025 1512 1101 φθονέει).

403 1228 580 1290 Nonnullae
613 1245 708 1290 voces
737 1230 770 1290 ln
803 1229 869 1290 arsi
901 1229 1061 1303 syllabam
1093 1228 1252 1289 initialem
1284 1231 1473 1305 productam
1497 1232 1627 1311 babent,

359 1351 384 1390 ει
408 1329 458 1390 vel
480 1351 528 1407 ου,
550 1328 583 1390 ln
606 1331 692 1391 thasi
717 1346 791 1391 voro
813 1331 956 1408 brevem,
974 1319 992 1389 ἐ
1017 1329 1069 1391 vol
1090 1351 1116 1391 o.
1141 1329 1316 1391 Slmlllima
1336 1332 1451 1393 harum
1472 1337 1523 1395 ost
1543 1335 1626 1398 ratio

358 1433 455 1506 rubrus
477 1432 706 1494 vocobulorum
738 1434 777 1494 de
809 1433 925 1507 qulbus
948 1433 981 1493 ln
1004 1433 1022 1504 i
1047 1433 1087 1493 18
1111 1448 1219 1495 sermo
1243 1433 1320 1508 luit;
1345 1433 1385 1496 ol.
1408 1436 1509 1496 otiam
1532 1437 1550 1506 θ
1575 1439 1626 1499 2ῠ.

358 1535 545 1596 Transitum
579 1537 690 1596 alitem
723 1535 958 1610 quodammodo
990 1535 1106 1610 parant
1135 1533 1268 1596 nomina
1294 1531 1383 1614 Ἄρης
1416 1528 1457 1608 (ὅ)
1481 1539 1499 1606 g
1524 1541 1565 1599 73
1597 1543 1631 1601 et

357 1630 433 1716 ἀνήρ
455 1671 495 1680 -
516 1629 592 1717 durio
616 1641 634 1706 i
659 1641 709 1699 iil.
736 1641 823 1713 Quae
848 1638 999 1699 volumus
1022 1637 1179 1699 vocabula
1202 1637 1280 1698 hoec
1303 1640 1397 1700 sunt:

446 1739 609 1816 εἰλήλουθα
628 1775 668 1784 ——
692 1738 843 1818 ἒλὴλουθα
870 1743 895 1799 0
919 1741 971 1801 81.
997 1739 1042 1801 (λλ.
1067 1741 1084 1810 ἓ
1111 1742 1183 1800 160.

446 1840 574 1920 μείλιυος
594 1875 637 1884 -
656 1838 772 1919 μὲλιυος
796 1863 812 1920 ο
838 1843 913 1919 339,
938 1841 1032 1919 μελίη,
1055 1838 1219 1919 ἐυμμελίης.

446 1941 570 2002 κουλεόν
589 1975 632 1984 -
652 1941 764 2002 κολεόυ.

449 2039 611 2120 Ου’λυμπος
631 2078 667 2086 -
688 2040 848 2122 Ὄλυμπος.

446 2143 559 2218 εἴνᾶτος
579 2179 622 2188 -·-
641 2142 743 2218 ἔνατος
765 2148 784 2216 S
808 2147 860 2222 91,
885 2147 918 2208 el
942 2146 982 2207 cf.
1007 2161 1106 2221 supra
1128 2160 1200 2220 pag.
1228 2146 1301 2208 123.

446 2245 544 2306 εἵνεκα
564 2281 607 2290 -
626 2243 720 2307 ivone.

445 2346 542 2420 κοινός
562 2381 604 2390 -
623 2346 733 2424 severis,
754 2346 863 2407 κενεών
886 2349 904 2418 5
928 2349 980 2408 63.
1008 2346 1183 2422 corruptus
1205 2349 1257 2408 ost
1279 2362 1394 2409 versus
1417 2371 1433 2426 χ
1459 2351 1533 2411 249.

446 2446 595 2525 orclanum
615 2482 655 2492 -
676 2443 777 2524 στένω,
800 2452 912 2518 στεῖνος
933 2481 972 2490 ---
996 2443 1146 2524 σοὲνος(’λ)
1172 2470 1188 2526 χ
1213 2448 1288 2508 460.

446 2544 562 2625 οὕνομα
580 2581 622 2590 -
640 2545 743 2624 ὄνομα.
766 2547 901 2608 Nonnisi
924 2550 953 2606 Γ
973 2549 1037 2607 235
1062 2549 1087 2606 Ρ
1106 2549 1171 2608 260
1194 2549 1211 2620 ζ
1235 2548 1297 2608 194
1321 2569 1332 2606 ι
1352 2547 1416 2608 355
1437 2548 1471 2609 ln
1490 2551 1556 2610 arsl
1576 2553 1631 2613 est

492 2649 618 2723 syllaba
642 2649 787 2710 initialis.

448 2743 538 2833 οὖρος
558 2786 601 2794 -
623 2748 700 2832 ὅρος.

403 2855 472 2917 Νοο
505 2856 652 2918 omnium
683 2855 798 2916 harum
831 2869 948 2916 vocum
979 2853 1133 2930 explicari
1165 2854 1273 2929 potest
1304 2855 1487 2931 productlo;
1516 2853 1631 2930 εἴνατος

360 2957 437 3019 olim
465 2955 591 3031 ἕνλατος
622 2958 693 3035 luit,
717 2955 814 3030 κεινός
841 2961 892 3019 est
915 2957 1065 3019 adioclivi
1087 2954 1210 3028 κενελός
1233 2957 1337 3018 iorma
1360 2957 1487 3019 brevior
1510 2957 1628 3036 κενλός,

360 3058 508 3137 στείνομοι
530 3062 564 3121 el
587 3063 698 3131 στεῖνος
722 3058 800 3120 olim
823 3056 976 3136 ostvyopou
999 3061 1033 3121 el
1055 3055 1169 3136 οτὲουος
1193 3061 1295 3136 erant,
1324 3061 1506 3123 coniunctio
1531 3059 1628 3122 εἵνεκα

360 3162 509 3237 primitus
532 3162 671 3224 fortasse
694 3162 756 3223 l'llit
779 3157 909 3221 duareno.
934 3161 996 3224 Sed
1022 3158 1184 3238 εἰλήλουθα
1208 3159 1337 3239 μείλινος
1359 3160 1484 3222 κουλεόν
1508 3158 1627 3241 Οὔλυμ-

360 3285 414 3336 πος
444 3262 560 3342 οὔνομα
589 3255 679 3346 οὖρος
711 3281 767 3326 cur
799 3265 832 3325 in
864 3265 930 3326 arsi
957 3265 1118 3339 syllabam
1142 3264 1303 3326 initialem
1326 3263 1504 3341 producant
1528 3267 1627 3329 nesci·

361 3383 443 3428 mus.
475 3369 545 3428 Non
575 3369 688 3429 tamen
717 3368 929 3429 verisimilem
962 3369 1111 3429 ducimus
1142 3368 1326 3443 opinionem
1358 3384 1481 3446 eorum,
1509 3370 1563 3444 qui
1587 3371 1627 3430 ad

361 3470 419 3530 llas
448 3471 592 3544 syllabas
621 3470 841 3544 producendas
863 3470 966 3544 ipsius
989 3469 1128 3544 liquidae
1153 3469 1220 3530 vim
1244 3471 1419 3532 adiuvante
1441 3472 1508 3532 ictu
1532 3473 1626 3534 sulia-

361 3573 444 3632 cisse
477 3574 686 3646 existimant;
722 3573 753 3633 ld
787 3573 871 3645 quod
905 3573 997 3634 docto
1028 3574 1062 3632 ot
1092 3587 1224 3633 summa
1255 3588 1334 3635 cura
1356 3573 1504 3634 euincere
1527 3589 1629 3649 nuper

360 3673 485 3734 studuit
515 3673 651 3734 Schulze
683 3673 812 3748 Quaest.
845 3673 931 3748 Epic.
962 3690 991 3748 p.
1017 3673 1081 3732 202
1110 3689 1178 3748 sqq.
1213 3673 1354 3751 Quodsi
1380 3676 1506 3734 certum
1531 3675 1629 3751 esset,

360 3765 509 3850 ἕλήλοοθα
533 3771 683 3851 Ὄλυμπος
713 3766 809 3851 ὄνομα
840 3767 911 3852 ὄρεα
939 3777 999 3836 etc.
1030 3775 1237 3836 scribendum
1267 3775 1359 3852 leret,
1390 3777 1424 3835 ot
1455 3774 1502 3834 sic
1532 3774 1630 3835 edidit

359 3873 436 3937 olim
467 3876 654 3952 P.Knigl1t;
687 3876 743 3938 sed
774 3877 959 3936 huiusmodi
990 3877 1209 3950 productionis
1239 3877 1405 3953 metricae,
1445 3889 1528 3949 qnae
1565 3891 1629 3936 non

360 3977 404 4038 sit
425 3978 619 4054 necessaria,
651 3979 772 4039 frustra
794 3978 858 4038 nisi
881 3978 1024 4039 fallimur
1047 3978 1080 4038 in
1105 3977 1305 4039 carminibus
1329 3976 1511 4038 Homericis
1535 3993 1629 4051 quae·

360 4081 473 4139 runtur
496 4080 647 4154 exempla
669 4081 758 4141 certa
781 4077 857 4156 (vid.
881 4081 899 4150 ἓ
924 4080 998 4156 27).,
1021 4080 1134 4152 Itaque
1158 4080 1218 4140 has
1241 4078 1386 4153 syllabas
1409 4093 1523 4139 revera
1546 4079 1628 4140 ancl·

360 4181 443 4254 pltes
465 4179 544 4241 olim
575 4181 676 4242 fuisse
703 4181 772 4256 ipse
796 4183 908 4242 textus
930 4181 1123 4242 Homericus
1147 4181 1259 4242 docere
1283 4179 1422 4255 videtur,
1442 4179 1520 4240 licet
1543 4181 1628 4256 igno·

360 4297 470 4343 remus
492 4297 549 4342 cur
568 4283 725 4357 ancipites
744 4283 873 4344 luerint.
898 4282 995 4343 Verbi
1014 4282 1177 4360 εἰλήλουθα
1196 4283 1336 4359 primam
1356 4281 1516 4356 syllabam
1537 4283 1628 4357 sequi

359 4383 542 4458 analogiam
563 4384 779 4458 perlectorum
803 4383 910 4461 ελληφα
929 4383 1028 4462 εἴληχα
1051 4383 1172 4463 olley«,
1191 4385 1307 4460 quibus
1328 4384 1478 4461 exemplo
1498 4384 1628 4445 luerunt

359 4485 454 4546 aiolo
487 4487 520 4556 (i.
542 4503 569 4548 e.
593 4481 747 4563 oe'ofouo)
780 4484 941 4566 elatoque
972 4485 1004 4564 (i.
1029 4501 1057 4548 e.
1080 4481 1241 4564 λλλρηκα),
1274 4485 1424 4548 credibile
1456 4488 1523 4561 est;
1553 4502 1627 4547 cum

359 4604 438 4650 voco
457 4591 568 4650 autem
593 4585 754 4667 Οὔλυμπος
777 4589 956 4662 ceterisque
979 4589 1196 4665 comparanda
1218 4589 1295 4648 sunt
1318 4587 1475 4649 vocabula
1498 4585 1628 4668 οὐρανός

395 4829 416 4898 ¹)
434 4835 463 4881 Iu
490 4835 556 4883 llrooi
584 4833 679 4893 legitor
696 4833 748 4880 lota
766 4833 838 4881 verbi
860 4832 893 4881 ab
914 4832 963 4880 λιιο
981 4833 1061 4893 stirpe
1083 4831 1154 4880 dnotl
1173 4826 1315 4879 'frodomo
1332 4833 1356 4878 Ω
1374 4831 1431 4890 807,
1448 4833 1493 4880 sod
1511 4832 1553 4879 laio
1570 4845 1626 4880 ver·

358 4925 405 4960 ans
422 4914 527 4974 spurios
545 4916 572 4962 ol
588 4912 652 4961 olias
669 4913 703 4962 ob
720 4927 812 4961 enom
829 4915 965 4974 suspectos
982 4913 1030 4960 osi
