3944 5730
987 711 1050 772 292
1531 709 1561 780 [5
1587 710 1646 768 115

390 898 482 972 solet,
504 897 562 958 sed
584 897 748 972 optativus
769 895 948 970 imperfecti
971 898 1142 958 verborum
1166 897 1199 956 ln
1222 893 1280 956 -ιίιι
1301 891 1354 954 -io
1373 893 1428 954 -οό
1448 894 1500 956 his
1520 895 1646 956 suffixis

389 1011 451 1056 non
486 998 597 1058 utitur.
631 997 746 1071 iiplcae
781 997 879 1070 igitur
913 999 991 1058 sunt
1025 997 1147 1058 iormae
1182 994 1301 1073 ίηιίοιηιι
1335 1017 1352 1056 o
1381 997 1456 1069 317,
1488 993 1647 1073 φθονέοιμι

388 1097 499 1172 1881,
522 1091 717 1175 ὁμοφρονέοις
741 1119 752 1156 ι
776 1097 851 1172 tto,
875 1093 971 1172 φιλέοι
994 1118 1010 1157 o
1034 1097 1109 1173 305,
1132 1096 1225 1156 ailae.

432 1196 641 1271 Excipiuntur
671 1197 774 1274 φιλοίη
808 1197 842 1258 ln
875 1211 972 1258 versu
1008 1198 1116 1271 spurio
1149 1194 1255 1258 1692
1288 1195 1353 1266 (ubl
1384 1195 1555 1256 verborum
1579 1211 1647 1257 con·

390 1299 501 1358 textos
518 1299 621 1372 poscit
639 1298 881 1359 subiunctivum
901 1295 1000 1381 φιλίη,
1017 1299 1209 1360 adversante
1229 1301 1338 1360 tamen
1360 1299 1475 1366 metro)
1495 1299 1531 1358 et
1540 1294 1648 1375 φοροίη

389 1419 399 1457 ι
423 1399 497 1458 320.
521 1397 673 1459 liiusdem
705 1396 968 1458 conformationis
1000 1401 1051 1460 est
1082 1395 1230 1476 ἐπισχοίης
1253 1395 1375 1474 2241,
1399 1399 1428 1456 si
1451 1397 1578 1459 sincera
1599 1401 1649 1457 est

390 1499 469 1558 hsec
492 1497 586 1559 lectio
608 1497 733 1576 (οηοίος
757 1497 808 1558 vel
830 1514 940 1576 οηοιες
964 1498 1041 1569 alli).

433 1597 528 1658 Verbi
561 1590 619 1674 είηιι
649 1598 677 1668 (5
708 1597 784 1666 808)
814 1599 979 1672 optativus
1009 1603 1060 1660 est
1086 1597 1157 1677 1ε-ίη
1188 1599 1309 1672 Tuos,
1339 1613 1421 1671 quae
1445 1598 1549 1660 iorma
1571 1598 1647 1659 radl-

390 1713 461 1758 cem
492 1697 516 1755 i·
539 1697 636 1758 habet
658 1701 789 1758 auctam
812 1698 845 1758 ln
869 1697 918 1774 ιἐ-,
939 1699 979 1760 oi.
1010 1698 1139 1760 curtius
1161 1698 1304 1760 Verbum
1326 1695 1369 1758 11¹
1393 1713 1423 1772 p.
1446 1698 1507 1774 99;
1538 1701 1593 1760 sed
1617 1701 1648 1759 ln

390 1799 561 1860 flexionem
585 1799 797 1859 thematicam
821 1799 899 1860 abiit
922 1799 962 1860 ίοι
986 1797 1082 1878 221,
1105 1800 1179 1860 ἴοιεν
1198 1801 1228 1862 h.
1243 1800 1270 1859 V
1285 1801 1335 1876 12,
1355 1801 1394 1859 ut
1411 1799 1495 1874 apud
1515 1800 1648 1861 Atticos.

434 1899 519 1962 Nihil
548 1900 669 1961 insoliti
692 1901 789 1962 habet
811 1903 975 1977 optativus
998 1900 1062 1981 είην
1084 1900 1113 1968 Ξ
1134 1903 1194 1964 107
1224 1903 1250 1962 0
1273 1904 1326 1978 82,
1347 1901 1391 1980 εἴη
1412 1902 1444 1961 ii
1466 1902 1648 1978 1391496,

389 2017 483 2062 assem
516 2006 597 2079 moui,
628 2003 686 2064 sed
716 2003 803 2065 luere
826 2004 881 2078 qui
904 2005 963 2066 has
986 2005 1109 2068 formes
1139 2021 1305 2083 perperam
1330 2005 1370 2065 ad
1399 2005 1493 2064 arodi
1515 2004 1648 2065 verbum
1707 1999 1711 2006 '

389 2104 558 2179 referrent;
589 2105 681 2165 culus
710 2106 837 2182 erroris,
861 2107 900 2168 de
930 2122 993 2180 quo
1016 2108 1079 2169 vid.
1105 2107 1234 2169 (lunius
1256 2107 1278 2168 l.
1302 2107 1335 2183 1.,
1365 2106 1564 2168 luculentum
1589 2108 1649 2166 ies·

390 2206 563 2266 timonium
583 2205 714 2280 praebet
731 2206 940 2284 epigramma,
961 2210 1044 2283 quod
1064 2208 1210 2284 sepulcro
1221 2207 1311 2282 pueri
1325 2207 1359 2282 Q.
1373 2206 1504 2282 Sulpicii
1517 2206 1649 2267 Maximi

388 2305 633 2381 insculpendum
666 2311 819 2368 curarunt
852 2311 1019 2384 parentes;
1056 2311 1147 2370 cuius
1181 2309 1397 2384 inscriptionis
1429 2308 1545 2369 ultima
1575 2309 1651 2368 sunt

391 2407 488 2468 verba
510 2405 571 2484 εἴης
593 2413 689 2485 χῶρον
713 2403 741 2479 ές
765 2404 888 2485 ἠλύσιον
910 2409 1035 2481 (Kalbel
1060 2412 1123 2472 618
1147 2409 1200 2481 a').

434 2509 696 2571 Commemorotu
730 2509 846 2584 dignae
878 2516 954 2574 sunt
984 2512 1106 2575 iormae
1138 2511 1208 2591 δοίη
1231 2535 1242 2572 ι
1268 2513 1330 2572 ilii
1356 2528 1374 2570 ο
1401 2511 1465 2572 848
1488 2534 1508 2572 o
1533 2510 1596 2570 28c
1619 2511 1652 2569 ot

390 2613 471 2683 (loco
494 2611 602 2686 spurio
625 2612 659 2670 et
681 2611 819 2674 fortasse
843 2616 1003 2688 cormpto)
1026 2617 1059 2673 11
1080 2615 1122 2674 99
1145 2613 1265 2691 -1υῖηιεν
1288 2631 1308 2676 a
1331 2614 1436 2674 radice
1456 2612 1493 2672 lo
1518 2612 1546 2682 (1
1569 2612 1650 2678 ilii).

390 2712 459 2772 Non
481 2714 569 2772 recte
591 2711 658 2770 lota
680 2711 796 2771 harum
819 2713 1040 2786 similiumque
1062 2713 1251 2789 formarum,
1275 2714 1315 2774 de
1342 2713 1458 2786 quihus
1477 2712 1517 2771 cl.
1538 2711 1556 2780 1
1579 2709 1650 2782 120,

390 2810 498 2871 omitti
533 2809 626 2885 solet,
661 2824 737 2870 nam
772 2812 920 2886 analogia
955 2813 1017 2874 lert
1048 2815 1084 2873 ut
1113 2814 1230 2874 radicis
1253 2827 1353 2874 sonus
1374 2834 1394 2871 ν
1418 2812 1494 2872 ante
1517 2807 1651 2883 optativi

392 2909 535 2971 vocalem
567 2909 634 2970 lota
663 2909 862 2988 corripiatur,
895 2912 1167 2984 quemadmodum
1198 2928 1219 2974 a
1249 2933 1310 2990 γνο
1340 2911 1377 2971 iit
1405 2908 1535 2990 ηνο-ίην,
1556 2925 1577 2968 ιι
1599 2920 1652 2965 ota

389 3010 519 3088 οτα-ίην,
552 3025 572 3071 a
603 3013 647 3087 θη
676 3010 798 3088 θε-ίην;
830 3013 939 3086 itaque
963 3013 1042 3074 nihil
1066 3014 1194 3075 obstare
1217 3013 1321 3089 potuit
1343 3013 1517 3086 quominus
1538 3009 1609 3071 soni
1633 3011 1652 3066 t

393 3116 426 3175 et
448 3135 459 3172 ι
481 3113 514 3172 in
545 3126 656 3172 veram
687 3112 917 3188 diphthongum
942 3136 974 3174 οι
997 3115 1214 3189 iungerentur.
1247 3115 1350 3191 Quom
1373 3115 1402 3175 si
1425 3114 1498 3188 quis
1521 3111 1652 3175 Homeri

392 3215 472 3276 locis
505 3213 645 3274 laudatis
679 3215 818 3276 scribere
832 3229 837 3238 ·
853 3218 992 3293 recusat,
1026 3218 1127 3279 etiam
1161 3214 1215 3288 ὑός
1248 3219 1282 3277 et
1312 3223 1430 3294 μεμοοα
1464 3217 1498 3276 st
1532 3213 1653 3274 similia

393 3315 525 3378 scribito
550 3316 712 3388 expuncta
734 3314 843 3376 littere
865 3317 941 3378 iota.
1060 3343 1061 3346 ¹

439 3416 618 3477 Homcmm
642 3416 792 3478 imitatus
822 3418 1011 3479 Theocritus
1033 3419 1093 3480 XV
1116 3420 1158 3480 94
1182 3420 1318 3494 optativi
1346 3414 1654 3494 1οιιιιιιφίηίονίη)

395 3535 475 3580 usus
498 3520 548 3580 est
575 3518 604 3588 ¹).

440 3719 462 3801 fi
493 3720 561 3786 115.
585 3723 622 3784 8⁸
639 3739 775 3799 persona
796 3725 923 3785 numeri
947 3724 1052 3785 dualis
1075 3727 1257 3799 temporum
1281 3725 1506 3786 historicorum
1532 3724 1564 3782 in
1588 3741 1655 3797 -ιην

396 3824 481 3885 solet
510 3823 668 3896 debetque
701 3824 848 3885 desinire.
881 3824 943 3884 Sed
970 3825 1074 3884 tribus
1095 3824 1175 3885 locis
1197 3825 1314 3899 legitur
1335 3846 1401 3884 -ιον
1423 3825 1456 3885 in
1480 3824 1571 3883 textu
1594 3823 1654 3880 tra·

397 3926 481 3986 dito:
516 3923 654 3983 διώκετον
685 3925 714 3982 K
737 3926 812 3999 346,
836 3920 983 4001 έιεύχειον
1006 3925 1040 3983 N
1060 3927 1134 4001 346,
1159 3924 1343 4001 λαφύσσετον
1365 3927 1395 3982 Σ
1417 3925 1491 3999 583,
1518 3922 1571 3996 qui
1594 3919 1654 3980 loci

398 4024 563 4086 communi
594 4022 731 4097 quodam
765 4024 892 4085 vinculo
915 4025 1015 4085 iuncti
1038 4029 1125 4100 sunt,
1149 4039 1225 4086 narn
1252 4027 1436 4100 suspectam
1459 4022 1654 4084 terminatio·

398 4141 474 4186 nem
504 4125 580 4186 ante
610 4123 767 4186 diaeresin
796 4124 972 4186 bucolicam
997 4124 1186 4186 collocatam
1215 4126 1335 4187 habent
1356 4139 1478 4185 omnes.
1501 4123 1655 4186 Veterum

398 4229 450 4288 his
483 4229 522 4288 de
557 4227 646 4288 vitiis
671 4242 811 4287 —nem
845 4242 919 4288 vera
950 4229 1027 4288 sunt
1059 4229 1148 4304 vitia,
1180 4229 1309 4289 etiamsi
1332 4229 1410 4303 ipsis
1440 4227 1569 4286 vatibus
1591 4223 1657 4284 sint

399 4328 566 4390 tribuenda
590 4361 631 4372 -
654 4329 819 4404 opiniones
853 4329 960 4404 tetigit
991 4330 1194 4392 Friodliinder
1224 4332 1256 4392 in
1287 4331 1439 4404 Philolog.
1471 4329 1513 4388 Vi
1539 4343 1567 4403 p.
1592 4326 1655 4386 illiti

399 4434 433 4492 et
466 4431 638 4494 Aristonic.
670 4447 699 4508 p.
731 4433 761 4492 4.
786 4432 893 4492 Primo
924 4433 992 4493 loco
1024 4434 1168 4494 maxime
1197 4433 1303 4508 placet
1332 4431 1447 4492 Naheri
1475 4431 1657 4491 coniectura

400 4529 563 4607 διώναθον,
592 4533 668 4594 licet
697 4534 776 4594 hacc
806 4534 918 4594 aorlstl
949 4534 1062 4610 iorma,
1091 4550 1173 4608 quae
1196 4534 1323 4595 aliunde
1347 4535 1398 4594 est
1419 4531 1600 4604 notissima,
1623 4528 1655 4587 in

401 4633 534 4694 Homeri
556 4634 651 4694 textu
673 4647 834 4707 nusquam
860 4634 1054 4712 reperiatur;
1078 4635 1117 4697 ci.
1142 4635 1160 4705 1
1182 4635 1253 4697 151.
1277 4632 1421 4707 Reliquis
1443 4630 1522 4692 locis
1544 4632 1655 4706 aptum

436 4849 456 4917 ¹)
473 4854 549 4902 naut
564 4857 622 4919 φιληη
641 4853 667 4902 in
685 4854 792 4917 (iyprloa
809 4855 973 4916 inscriptiono
990 4853 1053 4904 ooli.
1072 4819 1129 4918 lib,
1146 4857 1168 4904 sl
1185 4859 1255 4906 certa
1271 4859 1312 4904 ssi
1328 4870 1359 4904 ea
1376 4855 1459 4904 lootlo.
