3934 5706
945 724 1006 784 136
1505 723 1534 794 [ᾖ
1558 723 1600 781 lu

339 908 502 983 Heynium
536 909 683 984 dicimus,
717 909 857 969 Ernestli
891 909 1093 985 discipulum.
1129 910 1189 986 Qui
1219 911 1247 970 si
1278 911 1311 970 in
1340 909 1456 972 multis
1482 909 1600 970 misere

339 1010 449 1084 lapsus
483 1010 543 1086 est,
578 1011 733 1084 temporis
763 1011 869 1084 magis
899 1011 932 1071 hi
960 1015 1053 1071 erant
1083 993 1206 1072 errores
1228 1026 1327 1084 qrram
1351 1011 1411 1071 viri
1435 1011 1468 1070 in
1490 1012 1601 1084 paucis

338 1111 423 1171 docti
457 1111 489 1171 et
522 1110 682 1185 sollertis;
721 1113 883 1186 „praestat
917 1113 1028 1172 autam
1066 1111 1199 1172 utilibus
1233 1112 1446 1172 admiscuisse
1481 1111 1599 1184 aliquid

341 1211 444 1286 „salsi
467 1226 565 1284 quam
589 1226 692 1272 vacua
715 1227 820 1272 errore
843 1212 900 1272 sed
921 1212 1048 1273 inutilia
1078 1212 1248 1273 attulisse”
1275 1213 1306 1284 ’1.
1331 1247 1372 1256 —-
1396 1213 1490 1273 Anno
1515 1211 1599 1272 1802

338 1312 452 1385 Heyne
486 1312 752 1387 septuagenarius
785 1313 818 1371 in
848 1311 953 1372 lucem
977 1313 1087 1372 emisit
1109 1313 1282 1374 editionem
1310 1313 1420 1374 iliadis
1443 1313 1600 1372 maiorem

338 1412 425 1482 (VIII
449 1412 693 1487 voluminibus);
718 1427 815 1485 quam
839 1412 916 1472 dum
940 1413 1125 1489 exornabat,
1150 1429 1233 1473 anno
1259 1415 1344 1473 1190
1370 1413 1601 1486 aliquantisper

338 1526 417 1571 usus
451 1513 522 1571 erat
555 1511 733 1584 exemplari
766 1512 898 1572 Homeri
931 1512 1129 1588 Bentleiano,
1161 1513 1244 1586 quod
1275 1515 1311 1572 ut
1338 1528 1379 1572 ex
1402 1511 1600 1571 Bibliotheca

339 1611 469 1686 Oollegii
491 1613 660 1673 Trinitatis
681 1613 710 1674 ei
734 1615 992 1675 commodaretur
1011 1615 1136 1675 amicus
1155 1615 1225 1675 eius
1243 1615 1419 1688 Burgesius
1439 1614 1598 1673 88888181.

338 1714 407 1774 Η88
436 1716 569 1776 8818818
599 1715 747 1792 88111888,
779 1731 861 1789 quoe
892 1731 1028 1791 magnas
1059 1717 1162 1777 movit
1184 1715 1351 1777 hominum
1379 1715 1600 1776 contentiones

335 1818 369 1876 et
399 1817 469 1878 seni
502 1818 677 1879 venerabili
707 1817 781 1892 plus
811 1819 909 1880 taedii
937 1819 1060 1894 peperit
1088 1835 1187 1892 quam
1211 1819 1350 1895 honoris,
1374 1818 1406 1878 in
1429 1817 1599 1892 philologo·

335 1933 408 1978 rum
431 1919 581 1979 notitiam
611 1922 826 1993 pervenerunt
849 1920 972 1982 Bentlel
996 1921 1113 1995 placita
1136 1921 1174 1981 de
1198 1921 1326 1981 litterae
1349 1921 1515 1993 digamma
1538 1933 1599 1978 usu

335 2017 523 2094 Homerico;
559 2020 627 2095 ipse
662 2023 772 2082 autem
806 2022 954 2096 Heynlus
987 2022 1066 2093 (Vol.
1102 2023 1162 2082 vll
1196 2038 1225 2097 p.
1262 2021 1447 2090 708-718)
1479 2021 1517 2080 88
1543 2020 1600 2080 1118

336 2134 476 2180 8888888
507 2120 578 2181 1888
612 2122 790 2197 disputavit
823 2125 857 2184 et
890 2124 1071 2197 catalogum
1107 2124 1185 2184 iecit
1219 2139 1335 2184 vocum
1367 2136 1449 2195 quas
1476 2121 1598 2180 initiale

335 2219 502 2296 digamma
523 2222 555 2282 ln
579 2222 712 2285 Homeri
735 2223 846 2299 lingua
869 2225 1019 2286 habuisse
1044 2224 1261 2286 existimabat.

380 2321 444 2383 Uni
475 2326 561 2384 certe
591 2326 670 2402 viro,
700 2329 817 2386 πολλῶν
847 2323 973 2411 doratio>
1004 2323 1109 2404 ἄλλων,
1138 2327 1177 2387 88
1204 2341 1335 2387 8818188
1358 2325 1403 2385 181
1426 2323 1597 2400 persuasit,

337 2425 512 2487 Godolredo
547 2425 744 2504 Hermanno,
779 2427 833 2500 qui
867 2428 1048 2490 Bentleium
1080 2429 1229 2503 apueris
1255 2428 1418 2503 suspicere
1441 2427 1473 2486 in
1497 2426 1597 2486 Iteiaii

335 2527 447 2588 schola
468 2527 622 2590 didicerat
645 2527 676 2600 ¹).
702 2531 903 2604 Argumenta
925 2531 1036 2591 contra
1057 2530 1221 2604 digamma
1244 2530 1452 2590 Homericum
1475 2527 1598 2602 prolata

335 2628 477 2689 refutare
507 2629 639 2702 eiusque
669 2631 703 2688 in
733 2631 930 2691 carminibus
960 2630 1141 2691 Homericis
1163 2647 1259 2691 usum
1284 2631 1379 2690 iustis
1402 2627 1519 2689 linibus
1542 2629 1597 2687 cir·

336 2728 550 2788 cumscribere
584 2729 709 2789 studuit
742 2730 775 2789 ln
806 2731 922 2791 iudicio
955 2731 1039 2803 quod
1075 2730 1113 2790 de
1138 2730 1255 2804 Heynii
1285 2729 1384 2790 Iliade
1411 2729 1488 2789 tulit
1515 2743 1598 2788 anno

338 2830 434 2906 1803,
447 2829 613 2904 multoque
633 2832 737 2892 fusius
758 2831 884 2892 biennio
903 2834 977 2906 post
994 2833 1027 2893 in
1046 2831 1227 2892 admirabili
1247 2830 1303 2890 illa
1321 2829 1548 2890 dissertatione
1559 2829 1599 2889 de

335 2931 443 2992 aetate
463 2933 628 3006 scriptoris
649 2934 940 3008 Argonauticorum
964 2937 1003 3008 (p.
1026 2933 1100 3009 688,
1122 2935 1289 3009 1188118),
1317 2947 1399 3008 „qua
1422 2931 1501 2992 nihil
1523 2930 1599 2990 tulit

339 3034 515 3110 „recentior
538 3035 629 3094 aetas
658 3035 741 3107 quod
765 3035 952 3095 Bentleiano
972 3035 1099 3108 ingenio
1122 3034 1263 3094 similius
1286 3034 1350 3092 sit”
1364 3031 1404 3108 3);
1432 3032 1600 3093 118888181

335 3136 435 3195 811818
457 3150 539 3208 quae
562 3135 601 3194 ad
622 3136 732 3208 hymn.
746 3135 824 3195 Van.
846 3135 888 3194 86
912 3135 1080 3194 annotavit
1100 3135 1219 3205 (1806).
1244 3134 1378 3206 Magnus
1397 3135 1508 3193 autem
1529 3133 1599 3192 eius

335 3236 541 3296 adversarius
564 3235 744 3296 Boeclrhius
766 3237 827 3296 hac
850 3239 936 3296 certe
959 3235 992 3295 in
1016 3251 1050 3296 re
1073 3236 1101 3295 ei
1126 3250 1280 3296 assensis
1304 3236 1363 3294 est.

381 3336 442 3396 Sed
465 3337 623 3409 quantum
646 3337 686 3398 88
709 3352 827 3397 novam
847 3337 1025 3398 doctrinam
1045 3338 1295 3411 promovendam
1316 3335 1468 3396 utilitatis
1488 3334 1600 3396 attulit

336 3437 454 3512 Heynii
488 3438 565 3498 Ilias
596 3439 696 3513 copiis
726 3439 924 3499 Bentlelanis
959 3441 1125 3515 exornata,
1164 3441 1293 3499 tantum
1321 3453 1399 3498 mox
1430 3438 1459 3499 ei
1490 3437 1600 3499 nocuit

336 3541 432 3602 editio
467 3541 527 3603 viri
562 3558 665 3618 nequo
700 3543 817 3604 indocti
852 3559 955 3618 norpro
990 3543 1096 3604 obtusi
1131 3543 1261 3619 ingenii,
1297 3541 1351 3602 sod
1392 3540 1446 3615 oui
1477 3541 1598 3602 11181818

336 3647 406 3705 8181
428 3646 562 3706 audacia
584 3661 682 3720 quarn
706 3646 866 3708 doctrina:
894 3647 1021 3708 Ricardi
1046 3647 1154 3720 Payne
1177 3646 1309 3720 Knigbt.
1335 3645 1394 3720 Qui
1418 3660 1492 3705 cum
1515 3659 1598 3705 anno

339 3747 421 3807 1791
446 3748 486 3808 de
508 3747 617 3808 littera
640 3763 702 3808 vau
726 3748 924 3822 disputasset
947 3749 980 3807 in
1003 3763 1097 3822 opere
1115 3761 1213 3821 supra
1231 3749 1494 3821 commemorato,
1515 3761 1598 3807 anno

338 3848 422 3907 1818
453 3850 565 3908 881818
595 3849 821 3923 prolegomena
843 3851 883 3910 88
908 3849 1086 3910 Homerum
1110 3848 1296 3922 evulgasset
1319 3852 1351 3923 ⁴),
1376 3848 1507 3908 1888881
1531 3863 1597 3923 sep·

335 3950 544 4022 tuagenarius
575 3967 659 4011 anno
692 3951 831 4012 1820111
856 3953 960 4012 lucem
986 3951 1076 4011 misit
1099 3949 1243 4011 88181188
1265 3949 1447 4025 Homerica,
1474 3964 1597 4024 „repur-

333 4053 430 4126 gata”
471 4051 593 4114 scilicet
636 4056 689 4130 ,81
730 4055 762 4114 18
797 4054 968 4128 pristinam
1008 4054 1147 4114 formam
1183 4053 1342 4112 redacta'.
1380 4051 1467 4128 Quae
1502 4050 1597 4112 editio

335 4157 476 4228 quantas
510 4155 627 4216 babeat
657 4156 805 4232 virtutes,
836 4170 934 4230 quam
965 4155 1070 4215 multa
1100 4155 1200 4214 insint
1227 4154 1399 4229 prudenter
1427 4152 1598 4212 observata

334 4256 387 4320 vel
409 4256 536 4330 egregio
563 4257 684 4317 mentis
715 4258 863 4317 acumine
888 4259 1041 4332 correcta,
1066 4257 1094 4315 is
1118 4256 1250 4315 demum
1274 4253 1420 4327 agnoscit
1443 4253 1497 4326 qui
1519 4253 1597 4313 inte·

333 4355 450 4416 riorem
492 4356 635 4429 aliquam
677 4357 748 4417 8188
789 4356 1044 4416 familiaritatem
1083 4356 1264 4429 contraxit;
1300 4357 1335 4415 at
1369 4370 1452 4428 quae
1485 4355 1598 4414 188881

368 4567 563 4632 1)11881181118
581 4569 611 4615 d.
628 4569 767 4616 Harmanrri
786 4568 818 4615 de
836 4569 949 4616 Soidloro
967 4569 993 4614 in
1010 4569 1090 4628 prael.
1109 4569 1300 4616 Elementorum
1320 4568 1450 4616 doctrinae
1468 4569 1595 4616 1118111888.

366 4649 385 4704 ’l
403 4651 459 4697 vid.
476 4649 557 4710 prael,
576 4649 643 4696 1188.
661 4661 685 4708 p.
704 4661 738 4709 vr,
756 4648 836 4695 1118111.
855 4648 935 4696 88811.
952 4651 1026 4696 metr.
1044 4648 1124 4708 prael.
1143 4662 1167 4708 p.
1186 4661 1231 4707 ru,
1249 4649 1342 4709 Opnac.
1360 4649 1386 4695 11
1404 4663 1429 4709 p.
1448 4650 1496 4696 868
1513 4663 1569 4708 sqq.

364 4723 386 4791 ³)
403 4729 485 4775 Lehrs
501 4729 648 4784 Quaestion.
666 4727 731 4787 opio.
749 4741 775 4787 p,
794 4726 841 4773 255
860 4727 936 4782 (anno
955 4723 1039 4790 1817).

366 4802 387 4869 ⁴)
404 4806 442 4852 Hx
464 4819 516 4866 quo
539 4818 617 4867 opere
633 4805 714 4852 188118
732 4803 855 4864 excripsit
871 4806 894 4852 is
910 4807 955 4864 qui
973 4807 1040 4854 118118
1059 4807 1112 4852 anis
1131 4809 1247 4866 quarum
1271 4807 1329 4855 libri
1345 4807 1486 4856 Daveslani
1505 4807 1594 4858 editio·

332 4897 391 4934 8881
409 4909 439 4919 -
457 4885 595 4935 illustrarit
612 4885 696 4936 818881
713 4899 745 4934 an
763 4887 866 4937 obruit?
884 4886 995 4935 Thomas
1012 4887 1079 4936 liidd
1098 4889 1169 4936 1811.
