3848 5688
948 741 987 799 :it
1525 739 1554 806 15
1577 739 1596 794 zi

334 928 421 990 nullo
445 928 538 990 modo
560 927 705 1004 possunt.
726 927 778 989 Sic
797 927 880 1004 quod
900 927 1052 989 Ludwich
1070 929 1170 990 Arist.
1191 929 1222 989 11
1242 944 1272 1004 p.
1294 929 1357 988 244
1377 943 1446 1002 sqq.
1467 941 1597 986 5515155

333 1046 411 1091 cura
443 1030 687 1106 demonstravit,
717 1029 884 1106 vocabula,
908 1045 990 1104 quae
1013 1031 1192 1092 molossum
1220 1029 1373 1106 efficiunt,
1397 1028 1597 1090 hexametris

333 1131 381 1190 ita
413 1130 512 1190 inseri
545 1129 648 1190 solere
678 1131 716 1190 ut
745 1129 887 1191 mediam
917 1130 1078 1204 syllabam
1109 1132 1149 1193 ab
1172 1133 1238 1192 ictu
1261 1146 1376 1206 puram
1400 1129 1541 1204 servent,
1565 1127 1597 1186 id

335 1245 448 1290 verum
484 1231 535 1291 551
567 1245 646 1291 sane
676 1232 710 1291 et
740 1232 854 1292 notatu
885 1231 970 1292 11555
997 1231 1175 1308 indignum,
1200 1232 1256 1294 sed
1279 1231 1372 1293 facile
1399 1230 1532 1306 apparet
1553 1229 1598 1289 rei

335 1345 469 1391 causam
499 1346 562 1391 non
593 1330 626 1390 15
649 1333 798 1392 veterum
820 1333 988 1405 poetarum
1012 1333 1140 1406 ingenio
1163 1335 1220 1393 aut
1245 1333 1386 1393 lubidine
1411 1345 1482 1391 5555
1506 1344 1598 1403 quae-

334 1431 479 1507 rendam,
513 1432 569 1493 sed
600 1432 648 1492 ita
678 1447 714 1492 se
744 1432 862 1492 habere
893 1433 975 1506 quod
999 1433 1094 1494 aliter
1117 1433 1186 1494 iteri
1209 1434 1339 1494 omnino
1362 1447 1427 1493 uon
1448 1430 1597 1506 potuerit.

336 1531 464 1593 Scilicet
493 1532 650 1592 voeabula
679 1532 779 1593 trium
811 1533 979 1606 longarum
1003 1534 1202 1608 syllabarum
1225 1533 1324 1594 51115
1346 1533 1541 1594 collocantur
1563 1533 1600 1590 ut

335 1632 395 1692 sub
426 1633 493 1693 ictu
516 1632 583 1693 sint
605 1632 748 1706 syllabae
771 1634 877 1706 prima
900 1635 933 1693 51
956 1634 1062 1708 151115,
1086 1633 1236 1694 omnibus
1263 1633 1444 1694 hexametri
1466 1632 1599 1707 pedibus

335 1734 413 1792 sunt
435 1734 528 1807 apta;
553 1733 585 1793 in
609 1732 752 1793 mediam
778 1747 851 1793 vero
874 1733 1034 1806 syllabam
1058 1735 1143 1794 ictus
1165 1733 1304 1794 incidere
1329 1734 1440 1807 nequit
1462 1733 1526 1793 nisi

379 1834 437 1894 551
470 1834 640 1896 antecedat
673 1833 788 1895 vocula
818 1835 1041 1909 monosyllaba
1071 1850 1203 1896 versum
1235 1835 1392 1912 aperiens,
1420 1850 1448 1896 e.
1473 1849 1502 1908 g.
1529 1826 1596 1894 οὐδ’

335 1931 456 2014 ἔρρηξεν
474 1934 582 2015 χαλκόν
602 1936 714 2014 Para,
734 1935 847 2010 quales
866 1952 981 1998 versus
999 1953 1113 2014 pamm
1133 1939 1217 2012 grati
1236 1938 1276 1999 ad
1293 1953 1388 1999 aures
1401 1935 1556 1998 accedunt
1568 1937 1599 2010 ¹),

380 2038 438 2099 aut
467 2039 622 2114 sequatur
644 2039 799 2100 diaeresis
822 2039 975 2117 bucolica,
996 2056 1023 2102 e.
1044 2055 1075 2114 g.
1096 2039 1218 2125 liitaip
1236 2038 1384 2120 χωόμενος
1406 2047 1462 2118 κῆρ
1487 2041 1504 2098 i
1526 2039 1599 2115 555,

337 2155 399 2214 quo
429 2141 541 2202 tamen
565 2141 747 2202 hexametri
768 2141 838 2203 loco
861 2142 1010 2216 dactylus
1032 2142 1084 2204 est
1112 2143 1205 2217 longe
1228 2143 1383 2217 longeque
1406 2141 1602 2215 irequentior

337 2256 435 2315 quam
459 2244 620 2317 spondeus
642 2244 693 2310 151.
717 2258 814 2318 supra
835 2259 907 2318 pag.
934 2245 996 2319 15),

381 2347 438 2405 551
471 2360 535 2406 5511
565 2345 694 2406 claudat
723 2360 866 2423 versum,
890 2361 917 2406 e.
941 2361 971 2420 g.
994 2342 1092 2426 ρινιιά
1118 2343 1255 2425 μερόπων
1279 2343 1450 2426 ἀνθρώπων
1473 2349 1502 2404 A
1525 2345 1599 2420 250,

337 2445 450 2520 quales
472 2447 555 2508 satis
576 2447 641 2508 rari
663 2448 741 2508 suut
763 2462 879 2508 versus
901 2447 1064 2524 spondiaci
1088 2447 1161 2519 (vid.
1186 2462 1283 2524 supra
1305 2462 1376 2524 pag.
1401 2450 1441 2517 0).

381 2549 495 2625 Itaque
518 2565 571 2614 res
592 2565 631 2613 eo
654 2550 737 2612 redit
758 2550 1354 2628 51555155551515555551515551555
1377 2551 1489 2612 eadem
1510 2550 1599 2610 liber-

337 2653 405 2714 tate
440 2655 537 2728 atque
571 2654 653 2716 alias
683 2653 843 2728 quaelibet
873 2654 1076 2715 adhibuerint
1107 2655 1294 2728 cunctisque
1318 2652 1601 2714 1151155151515515

336 2755 564 2816 collocaverint
586 2756 640 2816 ubi
663 2755 812 2816 collocari
833 2757 992 2830 poterant.

379 2856 470 2917 Idem
502 2855 1054 2932 55151551555551155155555515,
1079 2871 1216 2928 quorum
1243 2857 1382 2931 primam
1407 2857 1601 2927 tertiamque

335 2957 480 3030 syllabas
509 2957 612 3017 ictum
643 2957 816 3017 metricum
847 2971 957 3017 amare
980 2972 1044 3017 non
1068 2958 1119 3016 est
1142 2970 1199 3016 cur
1221 2958 1417 3031 statuamus,
1442 2954 1517 3015 licet
1537 2953 1599 3028 pie-

335 3072 472 3131 rumque
502 3056 570 3117 ictu
599 3057 830 3133 percutiantur.
862 3057 984 3133 Nempe
1017 3072 1080 3118 vox
1110 3056 1284 3131 dispondea
1314 3057 1504 3117 hexametro
1538 3069 1600 3114 non

334 3159 488 3234 recipitur
509 3157 571 3218 nisi

380 3261 438 3318 aut
472 3273 602 3319 versum
637 3259 771 3334 aperiat,
806 3273 833 3318 e.
861 3272 892 3331 g.
927 3254 1084 3334 ἠπείλησεν
1117 3261 1219 3335 μῦθον
1255 3261 1284 3316 A
1318 3257 1392 3332 388,
1427 3255 1485 3316 sed
1519 3253 1601 3312 tales

335 3359 462 3418 numeri
485 3359 542 3419 rix
564 3360 643 3420 sunt
665 3356 787 3418 ferendi
810 3357 861 3427 (ci.
886 3377 905 3415 ν
930 3358 1014 3431 127),

378 3460 436 3520 551
458 3459 532 3535 post
553 3457 815 3533 monosyllabum
839 3456 1012 3518 collocetur
1034 3457 1068 3517 in
1093 3472 1207 3517 versus
1230 3458 1374 3532 introitu,
1399 3473 1427 3516 e.
1452 3471 1482 3530 g.
1508 3446 1600 3530 1555

335 3558 537 3640 ἀνσχήσεσθαι
560 3561 588 3618 Ε
614 3561 687 3638 104,

378 3665 436 3726 551
458 3662 629 3740 praecedat
651 3675 821 3723 caesuram
842 3661 1154 3736 semiseptenariam,
1175 3660 1356 3722 cuiusmodi
1376 3662 1486 3721 tamen
1506 3659 1599 3718 hexa-

334 3765 431 3829 metri
455 3766 488 3828 15
511 3763 695 3826 Homericis
719 3763 922 3839 reperiuntur
945 3762 1026 3822 nulli
1051 3757 1083 3835 ²),

378 3871 436 3933 aut
447 3871 603 3944 sequatur
614 3881 785 3930 caesuram
797 3865 1073 3940 semiquinariarn,
1087 3879 1114 3926 5.
1127 3880 1158 3940 g.
1172 3861 1339 3943 ἀλλήλοισιν
1351 3861 1481 3926 κοτέοντε
1495 3867 1599 3940 11115,

379 3976 436 4036 551
460 3988 591 4035 versum
615 3971 755 4048 claudat,
781 3986 808 4032 e.
832 3985 862 4044 g.
887 3965 1026 4048 ἠτίμασεν
1049 3965 1181 4048 ἀρητῆρα
1205 3972 1234 4028 Α
1259 3971 1308 4030 11.

335 4077 435 4139 15555
454 4081 576 4152 antem,
597 4075 651 4136 ubi
671 4073 813 4136 secunda
833 4073 867 4134 et
886 4073 1002 4146 quarta
1017 4071 1201 4132 huiusmodi
1215 4073 1443 4133 vocabulorum
1456 4071 1601 4146 syllabae

334 4181 437 4244 ictum
456 4179 586 4257 habent,
608 4177 813 4240 enumeravit
832 4175 985 4236 Ludwich
1004 4174 1059 4235 1.1.
1081 4189 1110 4249 p.
1130 4175 1194 4234 250
1206 4190 1290 4250 sqq.;
1311 4175 1428 4248 quibus
1447 4173 1601 4249 inspectis

335 4283 468 4360 apparet
486 4281 566 4344 haec
585 4295 711 4356 quoque
726 4277 890 4355 vocabula,
911 4277 1042 4353 perinde
1054 4279 1151 4352 atque
1163 4278 1346 4353 molossica,
1360 4277 1491 4352 reperiri
1502 4275 1601 4337 omni·

334 4386 396 4446 bus
415 4384 598 4447 hexametri
617 4381 749 4444 55511155
769 4380 885 4454 quibus
906 4378 1055 4440 collocari
1073 4393 1112 4439 55
1130 4378 1281 4439 51555551
1298 4393 1452 4439 versuum
1464 4377 1600 4438 numeri.

369 4573 390 4644 Ι)
407 4577 502 4626 Verane
527 4577 562 4626 115
585 4575 737 4624 5551551555
761 4575 861 4621 nonnisi
885 4573 955 4620 111555
973 4573 1035 4620 15515
1052 4573 1227 4634 reperiuntur:
1247 4576 1271 4619 Γ
1285 4574 1333 4619 tte
1350 4573 1393 4630 (=
1413 4577 1438 4618 11
1457 4573 1505 4619 259
1523 4576 1545 4619 1’
1560 4571 1602 4628 11)

336 4647 849 4721 Amfflhmxwpmm

367 4731 389 4792 1)
407 4733 471 4782 llam
489 4737 512 4782 Β
528 4735 577 4782 858
596 4731 681 4780 Edit
698 4731 727 4782 Ξ
741 4730 789 4778 801
807 4741 858 4778 nnn
880 4726 1117 4776 555551555511515
1134 4740 1194 4775 rere
1213 4727 1354 4789 dispencer
1366 4727 1524 4793 Ἠρσιιλιίάιρτ,
1541 4727 1602 4786 -1ιρντ

337 4813 496 4876 spumante:
514 4833 546 4846 -··
563 4809 664 4870 legetur
679 4809 757 4870 etia.
774 4808 855 4866 -rldrm
873 4809 923 4870 wip

853 4949 1094 4960 ———-.--.-.
