3848 5688
949 685 991 743 56
1507 684 1536 754 [5
1562 684 1599 743 11

338 871 399 933 bus
420 871 541 932 formas
563 869 739 945 disyllabas
764 871 818 932 vix
842 887 980 946 usquam
1002 871 1131 948 reperiri
1157 873 1231 932 ante
1253 871 1397 934 vocalem
1419 872 1601 947 collocans,

338 973 558 1047 intellegimus
591 988 708 1034 sonum
739 973 870 1036 dualem
900 979 933 1033 -ἅ
955 979 982 1032 -l
1004 996 1033 1034 -o
1057 990 1172 1050 parurn
1196 973 1328 1034 ilrmuin
1352 973 1452 1034 luisse
1475 977 1510 1034 et
1532 975 1602 1034 sine

338 1073 531 1134 detrimento
560 1075 704 1148 potuisse
735 1075 826 1136 abici.
858 1075 899 1135 nt
921 1075 954 1134 in
977 1075 1164 1150 compositis
1187 1077 1272 1136 certe
1301 1075 1421 1135 vocalis
1446 1075 1511 1136 ista
1533 1075 1601 1134 fun·

339 1175 426 1235 ditus
459 1175 591 1253 interiit,
625 1191 665 1237 ne
700 1178 836 1250 vestigio
870 1177 999 1250 quidem
1031 1177 1142 1237 relicto
1174 1177 1254 1236 ulio:
1283 1192 1388 1236 nonne
1412 1177 1530 1236 meiius
1553 1179 1602 1236 esi

340 1275 438 1349 igitur
456 1276 571 1352 dicere,
591 1277 664 1338 inde
683 1278 723 1338 ab
742 1278 834 1338 initio
853 1294 893 1338 ne
914 1278 1055 1338 adfuisse
1078 1278 1233 1350 quidem?
1252 1292 1314 1337 non
1336 1293 1378 1336 ex
1397 1274 1548 1356 παρα-ἔχω
1560 1309 1603 1318 -

338 1371 477 1455 παρ’·ἔχω
507 1379 621 1438 natum
653 1393 726 1439 esse
755 1375 881 1457 παρέχω,
910 1379 967 1440 sed
999 1394 1102 1454 voces,
1127 1393 1208 1452 quae
1232 1379 1264 1438 in
1289 1392 1386 1438 utram
1411 1379 1602 1438 coniunctae

339 1478 425 1554 sunt,
460 1477 603 1551 integras
632 1479 736 1540 adbuc
768 1495 937 1555 superesse
963 1481 1088 1555 ambas,
1119 1477 1178 1556 πάρ
1210 1480 1243 1540 et
1273 1476 1351 1556 4χωῖ
1387 1479 1438 1538 Sic
1471 1480 1603 1538 domum

338 1577 536 1650 intellegitur
565 1593 622 1638 cur
652 1579 774 1639 vocalis
796 1583 832 1655 -i,
861 1593 943 1652 quae
967 1579 1135 1639 elisionem
1158 1594 1222 1638 non
1245 1578 1329 1638 solet
1355 1577 1537 1652 admittere,
1562 1591 1603 1636 ne

338 1676 371 1736 in
411 1676 598 1752 posterioris
638 1677 768 1750 quidem
809 1679 883 1739 aevi
921 1679 1060 1740 dictione
1091 1657 1254 1739 obstiterit
1285 1678 1458 1750 quominus
1492 1672 1602 1753 ἀντέχω

339 1773 429 1854 ἐπέχω
452 1779 513 1838 etc.
538 1776 727 1839 dicerentur.

383 1878 465 1952 argo
495 1879 577 1940 ratio
607 1895 645 1940 eo
667 1880 754 1940 ducit
786 1883 822 1941 ut
847 1895 911 1942 una
934 1895 1011 1941 voce
1035 1881 1216 1942 scribamus
1239 1877 1375 1957 παρεμοί,
1397 1880 1601 1952 quemadmo·

340 1981 418 2042 dum
452 1995 517 2042 una
552 1995 630 2041 voce
660 1981 764 2042 editur
793 1978 926 2061 παρέχω
957 1997 1061 2055 neque
1084 1982 1243 2058 lapidibus
1266 1983 1468 2042 codicibusve
1494 1981 1605 2041 invitis

340 2081 371 2143 id
401 2081 584 2142 fecerimus.
608 2083 707 2144 Recte
730 2098 854 2157 quoque
877 2104 937 2162 παρ
965 2081 1032 2161 ἐμοί
1054 2085 1112 2144 ant
1134 2115 1176 2126 -
1200 2083 1228 2143 si
1253 2084 1325 2156 quis
1348 2081 1475 2144 mavult
1497 2083 1604 2143 addito

340 2185 474 2244 accentu
498 2215 540 2225 -
564 2180 624 2263 πὰρ
648 2181 715 2262 ἐμοί
734 2184 830 2247 scribi
852 2201 947 2261 posse
971 2186 1114 2262 videtur;
1139 2185 1195 2246 sad
1219 2201 1283 2246 non
1308 2186 1433 2246 videtur
1455 2183 1604 2245 credibile

339 2284 373 2344 in
396 2285 539 2360 ipsorum
564 2283 758 2347 Graecorum
780 2303 835 2348 ore
859 2288 1003 2349 vocalem
1026 2288 1180 2362 aliquam,
1204 2288 1415 2360 quantumvis
1438 2287 1603 2360 furtivam,

340 2385 425 2446 inter
458 2385 585 2447 litteras
617 2409 634 2467 ρ
669 2388 703 2449 et
737 2409 750 2448 ε
780 2389 1013 2464 intercessisse,
1044 2389 1154 2449 minus
1188 2391 1273 2449 recte
1306 2389 1403 2462 igitur
1425 2389 1498 2448 addi
1523 2386 1605 2448 solet

339 2488 563 2567 apostrophus,
595 2503 677 2564 qnae
712 2489 872 2566 significat
906 2491 1066 2566 syllabam
1100 2489 1230 2552 iinalem
1266 2507 1329 2552 non
1360 2490 1498 2552 recisam
1533 2507 1604 2552 asse

341 2590 397 2652 sed
421 2589 627 2652 obscuratam
651 2592 780 2654 tantum
804 2597 837 2655 et
860 2596 952 2655 extra
977 2609 1091 2654 versus
1114 2609 1267 2654 numeros
1289 2594 1439 2668 positum.

384 2692 498 2766 ltaque
528 2707 581 2752 res
603 2693 666 2753 huc
688 2694 787 2755 redit:
813 2694 1052 2768 monosyllabae
1079 2694 1351 2769 praepositionum
1376 2695 1499 2753 formae
1522 2693 1603 2766 apud

341 2791 521 2852 Homerum
551 2794 584 2853 et
607 2793 640 2853 in
671 2795 885 2870 complurium
908 2795 1119 2856 dialectorum
1149 2794 1409 2869 inscriptionibus
1432 2809 1506 2854 cum
1530 2795 1605 2854 ante

341 2892 469 2955 vocales
491 2894 693 2968 reperiuntur
715 2898 788 2957 tum
810 2899 885 2958 ante
909 2912 1083 2972 consonas;
1107 2896 1192 2972 apud
1213 2896 1340 2956 Atticos
1365 2910 1439 2956 vero
1460 2894 1604 2954 nonnisi

340 2995 416 3056 ante
439 2993 567 3056 vocales
589 2995 816 3073 admittuntur,
839 2999 873 3058 et
895 2999 971 3058 tunc
996 3031 1036 3040 -
1061 2996 1170 3058 minus
1194 2997 1279 3057 recte
1302 2997 1413 3058 tamen
1437 3028 1478 3038 -
1503 2993 1603 3054 elisio·

341 3111 418 3158 nem
440 3111 611 3172 perpessae
634 3113 707 3159 esse
730 3099 889 3161 dicuntur.

384 3293 405 3380 5
429 3297 475 3364 ll.
498 3299 736 3362 coniunctionis
759 3297 817 3381 ἄρα
836 3299 873 3381 ἄρ
896 3305 988 3363 extat
1012 3303 1107 3363 tertia
1130 3303 1234 3362 forma
1257 3301 1293 3380 ῥα
1316 3301 1495 3376 (enclitica),
1523 3315 1605 3373 quae

340 3401 500 3476 damasi
538 3401 713 3462 imminuta
754 3417 827 3464 esse
861 3403 986 3479 dicitur,
1022 3403 1154 3478 abrepta
1188 3403 1343 3462 nimirum
1381 3403 1481 3462 vocali
1522 3401 1606 3461 unde

340 3503 470 3564 initium
494 3502 599 3562 babet.
624 3501 756 3563 Rectius
779 3506 889 3565 tamen
913 3504 1035 3564 formas
1058 3503 1215 3578 gemellas
1237 3499 1346 3582 ἄρ·ρα
1370 3518 1443 3563 cum
1467 3502 1605 3562 melotin-

339 3619 403 3664 scos
424 3618 507 3678 qnae
531 3603 647 3666 dicitur
669 3606 829 3681 exemplis
852 3606 926 3678 (vid.
951 3607 969 3676 ὅ
993 3607 1045 3676 30)
1070 3606 1288 3680 composueris
1309 3608 1341 3666 et
1364 3621 1405 3666 ex
1429 3604 1534 3665 indole
1557 3603 1604 3664 iit·

340 3708 428 3767 terae
459 3707 515 3766 rho
543 3705 750 3783 explicueris;
782 3708 932 3769 credibile
955 3711 1064 3768 autem
1093 3710 1145 3769 est
1167 3723 1209 3769 ex
1231 3709 1335 3768 forma
1357 3703 1393 3786 dp
1414 3703 1458 3794 (ρ)
1481 3708 1606 3766 ceteras

341 3808 506 3885 prodiisse,
541 3809 643 3870 eliam
678 3811 893 3886 compositum
934 3809 989 3890 γάρ
1028 3807 1145 3891 (γε-00),
1185 3812 1224 3872 cf.
1262 3811 1448 3885 Brugnrann
1482 3808 1605 3868 Griecii.

341 3909 545 3972 Grammaiilr
569 3911 587 3980 5
612 3913 664 3986 23,
690 3913 709 3971 2
734 3913 768 3972 ei
790 3913 808 3981 s
833 3913 907 3990 201,
934 3913 962 3972 1.
1159 3977 1162 3982 ,

385 4012 565 4074 Occurrunt
587 4012 686 4086 igitur
708 4013 741 4073 in
761 4015 855 4074 textu
879 4013 997 4074 tradito
1020 4013 1160 4087 quinque
1183 4013 1306 4073 formae
1328 4008 1396 4090 ἄρα,
1418 4006 1475 4089 ἄρ’,
1493 4007 1541 4090 ἄρ,
1559 4008 1607 4088 ῥα,

340 4107 383 4194 ρ’,
416 4128 554 4187 quarum
588 4115 699 4176 tamen
729 4117 870 4177 secunda
901 4116 1039 4176 fortasse
1069 4115 1203 4176 delenda
1234 4117 1285 4174 est
1314 4115 1441 4190 propter
1463 4128 1502 4173 ea
1524 4125 1606 4185 qnae

341 4215 436 4276 modo
458 4215 492 4275 in
513 4214 574 4276 bac
597 4216 615 4285 5
638 4218 672 4276 et
693 4216 726 4276 in
748 4217 951 4292 praecedenti
973 4217 1227 4279 observavimus.

385 4316 419 4378 it.
444 4315 547 4376 Hiiier
570 4316 602 4377 in
626 4317 736 4379 Herm.
765 4319 849 4380 1880
871 4334 902 4394 p.
927 4322 990 4381 563
1014 4321 1198 4380 observavit
1226 4319 1373 4378 voculam
1402 4316 1439 4395 ῥα
1462 4317 1606 4390 exceptis

340 4417 547 4494 paucissimis
582 4418 729 4480 versibus
763 4422 804 4490 (Ε
837 4421 876 4480 15
908 4425 938 4479 A
962 4422 1025 4480 249
1058 4423 1090 4478 Ν
1117 4421 1181 4479 410
1212 4417 1319 4482 :van
1350 4421 1380 4476 ll
1401 4419 1467 4477 820
1500 4421 1523 4476 l’
1543 4418 1606 4476 200

342 4521 372 4578 Χ
405 4520 470 4578 400
500 4540 516 4579 ο
546 4520 588 4580 60
618 4543 634 4597 χ
666 4522 729 4580 408
752 4535 778 4597 ψ
802 4523 863 4582 501
890 4523 920 4584 b.
945 4523 1003 4596 Ap.
1032 4521 1104 4590 100)
1127 4523 1200 4596 post
1232 4519 1454 4594 monosyllaba
1476 4520 1605 4579 tantum

340 4637 506 4684 occurrere
537 4623 594 4683 aut
624 4624 697 4696 post
729 4619 810 4693 ὄ(τ)ει
840 4623 892 4684 vei
922 4621 986 4682 ἐπεί
1012 4623 1055 4694 (id
1078 4623 1127 4682 esi
1152 4620 1209 4681 ὅ-τι
1232 4623 1266 4683 et
1288 4619 1384 4690 irc-ei).
1409 4621 1514 4696 Quam
1536 4635 1605 4680 rem

340 4724 431 4786 casui
464 4738 561 4784 uerno
595 4723 726 4801 tribuet,
760 4725 835 4786 licet
871 4739 1004 4786 causam
1035 4738 1138 4798 neque
1168 4723 1222 4783 illa
1253 4723 1399 4784 attulerit
1422 4736 1525 4797 neque
1547 4735 1606 4781 nos

342 4826 483 4889 indicare
505 4824 679 4902 possimus.
