3936 5704
397 775 470 846 03]
1017 775 1055 836 ll

398 962 526 1036 egregio
549 961 698 1022 acumine
717 961 939 1022 demonstrare
958 961 1084 1022 studuit
1103 961 1229 1022 Usener
1247 960 1300 1022 11.
1313 975 1343 1035 p.
1360 961 1399 1020 11
1412 974 1493 1036 squ„
1513 959 1569 1033 qui
1589 959 1669 1020 haec

398 1061 483 1122 inter
505 1061 571 1122 aila
592 1057 742 1135 exempla
765 1060 895 1122 attulit:

509 1155 566 1220 ἀλλ’
592 1158 644 1241 ἄγε
666 1169 725 1238 νῆα
749 1156 892 1236 μέλαιναν
916 1153 936 1244 ΙΙ
958 1159 1145 1239 ,1001100ομ00
1168 1159 1209 1233 εἰς
1231 1158 1288 1219 iila
1312 1159 1389 1219 δῖαν.
1435 1163 1465 1219 A
1491 1160 1563 1221 141.

730 1274 814 1334 Item
836 1275 941 1336 Pstis
962 1278 1003 1344 (=
1020 1274 1094 1343 718)
1113 1277 1138 1333 θ
1158 1274 1201 1336 34
1222 1273 1273 1344 (01.
1293 1291 1316 1331 rc
1336 1273 1411 1342 348)
1432 1271 1450 1332 d
1469 1273 1533 1334 577
1554 1274 1669 1344 (=12)

1350 1395 1368 1435 κ
1381 1373 1445 1436 403
1458 1397 1475 1452 p
1488 1374 1668 1437 4101181.

508 1475 540 1538 ἐκ
563 1472 593 1538 d’
620 1474 787 1555 ἑκατόμβην
810 1477 909 1555 βῆσαν
932 1468 953 1560 ΙΙ
975 1477 1131 1561 scandolo
1155 1476 1321 1538 liuditum.
1368 1479 1398 1536 A
1421 1477 1495 1538 438.

730 1578 814 1638 Item
840 1578 870 1635 A
892 1579 945 1654 21,
970 1579 1034 1638 294
1060 1579 1179 1640 Pstis.

508 1687 610 1756 πᾶσιν,
631 1674 696 1757 spol
720 1673 753 1737 li
775 1675 910 1756 μάλιστα,
931 1669 952 1763 ΙΙ
975 1675 1019 1740 rol
1043 1677 1131 1764 illie
1154 1675 1315 1758 ἐγγεγάασι.
1363 1680 1388 1737 Ζ
1412 1679 1487 1740 493.

729 1781 814 1841 Item
841 1779 948 1842 Pltb
974 1783 1002 1839 Ε
1025 1781 1090 1842 204
1114 1779 1129 1854 ξ
1154 1781 1218 1842 208
1243 1801 1260 1859 ρ
1287 1781 1359 1841 104.

507 1879 640 1964 ὀχθήσας
662 1877 692 1944 ‹i'
719 1879 777 1964 11ρο
799 1883 884 1944 faiae
909 1874 929 1968 ΙΙ
952 1881 1026 1964 πρὸς
1049 1880 1109 1944 fla
1132 1881 1317 1964 μεγαλήτορα
1341 1878 1452 1958 θυμόν.
1491 1885 1521 1940 A
1546 1882 1620 1943 403.

728 1989 812 2048 Item
836 1987 985 2049 versibus
1008 1987 1172 2064 parallelis
1194 1987 1316 2048 decern.

442 2090 595 2165 Qualibus
617 2091 728 2151 tamen
750 2089 830 2151 locis
854 2090 998 2150 multum
1017 2090 1157 2151 tribuere
1177 2105 1237 2150 nos
1258 2087 1388 2162 quidem
1410 2102 1570 2162 veremur,
1591 2086 1669 2147 licet

397 2193 436 2254 de
459 2191 580 2267 origine
602 2191 783 2253 hexametri
807 2191 951 2254 Usenero
975 2209 1017 2253 ex
1040 2208 1114 2254 asse
1137 2191 1383 2268 adstipulamur.

441 2295 523 2354 Sunt
556 2293 658 2355 etiarn
687 2294 881 2368 argumenta
914 2295 998 2355 unde
1030 2293 1151 2354 efficias
1182 2293 1215 2354 in
1248 2293 1353 2354 fronte
1385 2292 1567 2354 hexametri
1588 2291 1668 2352 olim

397 2410 573 2470 exuperare
600 2395 744 2470 potuisse
774 2395 936 2470 syllabam
964 2395 1029 2456 ictu
1050 2395 1227 2471 carentem,
1249 2395 1282 2456 et
1302 2395 1414 2470 postea
1433 2395 1566 2455 demum
1585 2394 1669 2454 banc

397 2499 583 2560 constanter
612 2514 685 2560 esse
715 2513 934 2574 suppressam.
959 2499 1012 2560 Sic
1033 2499 1121 2559 enim
1150 2497 1305 2559 facillime
1329 2497 1508 2572 explicatur
1531 2496 1587 2570 qul
1610 2495 1668 2557 ilat

397 2601 435 2661 ut
464 2601 523 2661 hoc
553 2600 744 2675 praesertim
775 2601 845 2662 loco
873 2600 980 2662 omitti
1004 2601 1109 2661 soleat
1131 2601 1344 2673 augmentum
1369 2598 1579 2674 0011001001ος
1604 2615 1668 2673 qua

398 2701 436 2762 00
459 2717 494 2762 re
516 2701 637 2770 10000
660 2702 722 2761 130
741 2701 834 2776 plura
857 2702 1013 2778 dicentur,
1038 2717 1123 2763 nuuc
1143 2701 1203 2762 hoc
1225 2716 1326 2762 unum
1348 2701 1585 2762 observandum
1605 2701 1666 2775 est,

397 2803 477 2878 ipsis
512 2803 643 2863 Graecis
675 2803 788 2877 postea
810 2803 941 2863 initium
966 2817 1121 2862 versuum
1146 2803 1239 2862 unice
1263 2801 1376 2876 aptum
1402 2803 1510 2862 visum
1533 2815 1607 2861 esse
1626 2801 1666 2861 ad

396 2902 607 2975 augmentum
638 2902 915 2978 supprimendum,
939 2902 1048 2964 nuncil
1072 2901 1158 2963 enlm
1182 2901 1307 2978 tragici,
1339 2917 1476 2974 quorum
1499 2901 1601 2962 oratio
1624 2901 1665 2961 ad

396 3003 520 3077 epicam
550 3002 723 3063 dictionem
755 3003 901 3078 proxime
933 3003 1085 3063 accedere
1117 3002 1210 3078 solet,
1235 3003 1449 3075 augmentum
1472 3003 1665 3076 syllabicam

396 3103 428 3163 ln
461 3103 566 3164 fronte
598 3103 821 3164 trimetrorum
856 3103 942 3165 baud
977 3103 1196 3176 infrequenter
1227 3102 1385 3164 omittunt
1407 3099 1440 3179 ¹),
1473 3103 1549 3164 licet
1584 3101 1667 3161 alias

395 3204 607 3277 augmentum
638 3203 671 3266 in
702 3204 790 3279 poesi
821 3204 950 3266 scenica
981 3220 1148 3278 nunquam
1179 3205 1346 3266 abiciatur.
1375 3205 1526 3266 Necnon
1550 3201 1665 3263 initiali

394 3305 441 3365 illi
464 3305 646 3366 hexametri
664 3304 809 3379 syllabae
830 3306 1019 3367 tribuendae
1039 3306 1189 3367 videntur
1209 3307 1439 3369 vocabulorum
1464 3305 1665 3379 quorundam

395 3406 592 3466 mutationes
614 3407 778 3482 metricae,
803 3422 885 3480 quas
908 3422 1067 3482 syncopae
1090 3407 1142 3469 vel
1160 3407 1389 3469 contractionis
1415 3405 1665 3478 0010100οο013-

396 3522 473 3568 nare
496 3521 568 3567 mos
594 3506 666 3583 fert,
690 3523 717 3568 e.
742 3523 773 3582 g.
804 3505 1030 3587 γιακιοφάγων,
1052 3507 1141 3585 τίπτε,
1168 3509 1278 3582 qualia
1300 3509 1333 3569 in
1356 3507 1538 3568 hexametri
1562 3505 1667 3568 fronte

396 3612 453 3671 aut
475 3611 627 3686 perpetuo
651 3611 709 3671 aut
731 3611 931 3684 frequentius
956 3627 1055 3686 quern
1087 3611 1204 3672 ceteris
1228 3624 1381 3671 versuum
1406 3610 1536 3671 sedibus
1558 3625 1666 3671 occur·

395 3715 486 3790 runt;
519 3713 600 3784 010
627 3715 676 3775 12.
710 3714 864 3777 Maiorem
895 3716 1006 3777 autern
1032 3715 1099 3776 vim
1123 3715 1199 3802 huic
1223 3713 1415 3789 argumento
1439 3713 1560 3775 tribuet
1583 3713 1666 3788 quie·

395 3817 467 3892 quis
490 3818 689 3893 reputaverit
711 3817 812 3880 etiarn
836 3819 982 3878 ultimum
1002 3817 1184 3878 hexametri
1204 3817 1364 3891 syllabam
1385 3817 1444 3878 boc
1465 3816 1526 3877 sibi
1550 3817 1668 3878 habere

395 3921 558 3995 proprium
580 3920 618 3981 01
637 3921 793 3982 vocabula
814 3921 979 3982 contracta
1000 3919 1053 3981 vel
1073 3920 1240 3982 decurtata
1260 3919 1388 3981 facilius
1406 3933 1504 3993 quam
1524 3919 1667 3994 reliquae

395 4023 565 4097 admittai3
595 4025 653 4101 κρῖ,
683 4021 736 4098 δῶ,
760 4025 825 4099 Ζῆν
848 4017 930 4100 (Ζῆν’
943 4025 980 4096 1),
1003 4037 1060 4098 pro
1083 4021 1205 4102 κριθὴν,
1228 4021 1323 4100 δῶμα,
1346 4023 1431 4100 Ζῆνα
1455 4023 1584 4083 nonnisi
1607 4023 1668 4084 hac

396 4125 471 4186 sede
490 4124 693 4200 reperiuntur
705 4120 746 4200 ¹);
767 4126 940 4186 verborum
961 4124 1084 4186 formae
1107 4126 1290 4187 contractae
1310 4134 1344 4208 -γ
1365 4127 1410 4183 -εῖ
1424 4125 1497 4201 etc,
1516 4124 1668 4186 infinitivi

397 4219 470 4286 εἶναι
511 4233 597 4305 -ῆναι
635 4234 735 4304 -ῶναι,
773 4227 895 4289 similia
932 4227 974 4288 ibi
1013 4227 1149 4288 minime
1193 4242 1266 4287 rara
1312 4227 1398 4288 sunt.
1447 4226 1537 4287 {l'alia
1570 4227 1668 4302 igitur

397 4328 482 4389 ultra
504 4329 671 4404 legitimos
694 4329 876 4390 hexametri
897 4327 979 4390 fines
1007 4327 1189 4389 abundasse
1212 4329 1342 4404 dixeris,
1370 4331 1404 4389 et
1422 4329 1566 4402 syllabas
1586 4345 1667 4404 quae

398 4431 609 4504 exuperarent
640 4445 716 4491 cum
748 4429 916 4503 sequentis
948 4445 1063 4491 versus
1095 4429 1187 4491 initio
1218 4429 1371 4490 facillime
1402 4429 1608 4507 confluxisse,
1639 4431 1668 4490 si

397 4529 584 4602 praesertim
608 4531 773 4591 sententia
796 4545 852 4605 per
876 4529 969 4591 illum
993 4545 1125 4591 versum
1156 4531 1407 4592 continuaretur.
1433 4531 1485 4592 Sic
1506 4531 1668 4605 Vergilius

398 4627 603 4688 hexametros
626 4628 703 4690 fecit
726 4630 951 4704 hypermetros
978 4630 1033 4703 qui
1056 4628 1211 4690 desinunt
1234 4631 1266 4690 ln
1291 4631 1400 4690 001010
1422 4631 1513 4702 (Aen.
1537 4631 1581 4691 Vl
1603 4633 1666 4707 33),

432 4855 615 4920 01100000.
634 4861 662 4906 0.
681 4861 709 4908 lt
729 4861 793 4907 fars
813 4859 867 4908 001.
887 4861 1058 4908 1000101011.
1077 4861 1126 4910 olo
1144 4861 1183 4908 111.
1203 4862 1307 4922 liusq.
1326 4862 1386 4909 Itur.
1405 4862 1502 4910 Phoen.
1520 4863 1592 4909 1248.

430 4933 452 5003 ’1
468 4937 583 4987 Etiamne
600 4939 674 4986 -arc'i
691 4938 748 4988 vid.
767 4939 853 4988 Christ
870 4937 966 5003 proleg.
985 4939 1061 4987 Iliad
1078 4953 1105 5002 p.
1125 4941 1180 4987 140.
