3908 5724
985 622 1047 682 344
1514 613 1543 683 [6
1567 612 1622 670 133

366 825 392 872 a
417 805 518 880 stirpe
540 803 679 880 pleniore
698 803 723 864 ri
742 803 855 864 ductas
875 819 957 883 esse,
978 808 1164 884 trisyllabus
1184 821 1260 866 vero
1278 805 1318 864 sd
1338 801 1523 875 exemplum
1541 799 1624 859 verbi

366 905 450 994 ᾔδεα
482 899 619 974 (irritae)
649 919 719 964 esse
751 905 876 964 creatus
905 907 939 966 et
968 905 1022 991 ((εα
1046 909 1144 982 igitur
1165 905 1214 992 ᾖτε
1236 904 1326 989 ᾔομεν
1347 901 1439 987 ᾔεσαν
1462 917 1533 962 6666
1555 900 1624 958 scri·

367 1005 506 1080 bendss,
543 1005 746 1078 suspicantur
781 1003 1010 1082 Wackernagel
1045 1009 1159 1070 liuline
1195 1007 1303 1068 Zscbr.
1335 1003 1426 1064 XXV
1453 1018 1482 1079 p.
1507 1003 1569 1062 266
1594 1003 1626 1060 et

368 1112 410 1173 G.
436 1105 555 1180 lleyer²
587 1119 616 1179 p.
642 1106 865 1180 42261429ς
896 1109 1011 1181 quibus
1042 1125 1083 1172 ex
1114 1123 1188 1170 asse
1211 1106 1433 1182 adstipularer,
1459 1105 1520 1164 nisi
1541 1103 1626 1177 opica

370 1207 521 1276 camnine
549 1207 745 1270 testarentur
775 1207 970 1282 antiquiores
999 1227 1071 1274 esse
1095 1212 1216 1274 iormas
1239 1209 1434 1285 trisyllabus,
1462 1221 1543 1280 quae
1565 1217 1626 1264 me·

331 1365 337 1380 .
370 1310 536 1388 taplastae
569 1309 727 1386 dicuntur,
757 1311 950 1373 recentiores
986 1329 1060 1374 vero
1092 1312 1277 1389 blsyllabas,
1313 1325 1395 1385 quae
1428 1323 1470 1370 ex
1508 1307 1628 1382 lutam

371 1413 477 1487 stirpe
500 1411 689 1486 produxisse
713 1410 894 1476 creduntur.

420 1613 443 1698 6
467 1611 537 1680 169.
561 1614 677 1676 Ρο6166
700 1615 790 1694 apici,
814 1631 852 1679 ea
872 1619 993 1682 ratione
1014 1621 1064 1682 usi
1083 1635 1165 1694 quae
1184 1621 1297 1696 postea
1319 1631 1443 1692 quoquo
1463 1617 1495 1676 in
1514 1615 1631 1676 Graeca

374 1719 487 1796 lingua
520 1718 632 1796 valuit,
663 1719 780 1798 verbis,
807 1735 888 1795 quae
911 1737 930 1784 ιι
953 1723 1077 1785 duabus
1101 1721 1250 1784 consonis
1272 1720 1324 1783 vel
1348 1736 1368 1782 a
1389 1720 1498 1780 littera
1520 1741 1537 1798 ρ
1559 1717 1628 1778 inci·

375 1823 479 1900 piunt,
510 1820 766 1895 reduplicationis
801 1823 869 1882 loco
900 1825 1081 1901 praefigunt
1104 1841 1220 1886 sonum
1251 1821 1287 1884 ἐ-.
1310 1822 1504 1897 lrlxoiplenda
1525 1823 1632 1881 tamen

376 1925 456 1985 sunt
490 1919 588 1981 rerba
616 1935 752 1994 quorum
786 1924 883 1998 stirps
916 1925 1069 2000 incipite
1103 1926 1252 1986 consonis
1276 1925 1468 2000 positionem
1497 1920 1632 1982 debilem

377 2021 590 2085 efficientibus
613 2023 664 2091 (cl.
687 2023 705 2092 6
729 2023 798 2096 26);
822 2023 900 2086 baec
923 2027 1011 2088 enlm
1034 2027 1067 2086 in
1090 2026 1229 2087 dictione
1253 2025 1434 2100 Homerica,
1458 2024 1496 2082 ut
1513 2023 1633 2096 postea²

378 2137 457 2184 vera
478 2121 725 2196 reduplicatione
747 2124 891 2185 utuntur.
927 2203 931 2212 ¹

423 2223 587 2298 Legumur
616 2221 712 2296 igitur
744 2224 826 2300 apud
858 2225 1037 2288 Homerum
1068 2228 1190 2289 lormae
1222 2222 1390 2307 ἐζευγμέναι
1412 2227 1442 2284 Σ
1463 2225 1539 2302 276,
1563 2219 1636 2283 ἐστε-

378 2325 514 2404 φάνωται
535 2325 563 2382 Ε
586 2324 659 2402 789,
680 2321 850 2402 ἐσφήκωντο
871 2329 895 2386 P
912 2329 964 2406 62,
985 2325 1178 2410 συνέρρηκται
1197 2333 1221 2388 d
1243 2330 1315 2405 187,
1336 2323 1500 2406 διέφθορας
1524 2323 1635 2400 0128,

379 2431 457 2502 etc.;
482 2427 521 2488 de
544 2425 653 2488 littera
676 2449 693 2506 ρ
717 2425 831 2489 initiali
856 2431 895 2492 ci.
919 2433 937 2502 6
962 2433 1061 2500 164..

423 2529 523 2590 Multo
556 2527 659 2589 rarius
694 2529 727 2589 in
761 2528 898 2592 dictione
928 2533 1018 2606 spica
1055 2532 1314 2608 reduplicationis
1347 2529 1416 2591 loco
1458 2528 1639 2604 producitur

380 2630 500 2693 vocalis
535 2628 683 2703 initiulls;
720 2631 810 2690 culus
844 2633 943 2702 moris
978 2634 1057 2695 baec
1088 2633 1217 2694 mnium
1249 2631 1449 2706 reperiuntur
1472 2627 1637 2702 exempla:

379 2723 483 2812 -ἦκται
519 2731 543 2790 Β
578 2731 618 2792 16
654 2733 679 2790 Ζ
713 2731 774 2792 241
801 2754 822 2810 μ
854 2733 894 2793 51
920 2735 991 2812 616,
1022 2732 1147 2814 ἤσκηται
1173 2736 1201 2794 l(
1228 2733 1292 2794 438
1317 2755 1334 2812 ρ
1359 2733 1434 2807 266,
1455 2725 1640 2814 ᾐσχυμμένος

379 2841 409 2898 Σ
441 2835 514 2912 180,
545 2829 714 2918 κατῄκισται
744 2833 816 2910 (leg.
840 2835 1068 2910 aarafrlurdrar)
1091 2857 1113 2898 τι
1141 2837 1206 2899 290
1229 2861 1261 2882 =
1284 2856 1299 2896 τ
1322 2836 1353 2912 9,
1376 2830 1505 2912 ἀφῖχθαι
1527 2833 1543 2904 ζ
1564 2831 1639 2906 297,

377 2936 534 3024 παρῴχηκε
565 2939 593 2996 li
617 2937 690 2998 262.
715 2937 849 3012 Reliqua
871 2941 979 3018 verba,
1003 2957 1085 3016 quae
1108 2957 1128 3003 a
1153 2941 1241 3003 brevi
1274 2937 1376 2999 vocali
1398 2937 1564 3011 incipiunt,
1587 2935 1639 2994 ilt-

379 3043 444 3103 tica
467 3053 550 3112 quae
573 3037 689 3098 dicitur
711 3037 960 3113 reduplicatione
982 3041 1015 3103 in
1039 3043 1178 3118 perlecto
1202 3042 1346 3115 utuntur,
1370 3038 1433 3098 vid.
1456 3037 1475 3106 6
1502 3037 1573 3096 136.

423 3139 493 3199 Non
524 3138 659 3198 eundem
689 3141 800 3198 autem
829 3140 1011 3202 libertatem
1044 3145 1172 3205 veteres
1202 3141 1262 3200 sibi
1285 3140 1473 3200 sumserunt
1494 3138 1528 3197 in
1552 3136 1638 3196 redu·

379 3237 560 3317 plicationls
592 3237 718 3312 syllaba
748 3234 775 3297 1-
798 3241 896 3313 atque
922 3241 955 3302 ln
978 3245 1152 3316 augmento
1175 3241 1340 3316 syllabico,
1365 3253 1530 3312 nunquam
1554 3237 1639 3297 enim

379 3355 454 3404 eam
488 3337 676 3400 omiserunt.
717 3339 827 3412 Neque
860 3341 1020 3416 syllabam
1055 3343 1314 3417 reduplicationis
1350 3341 1419 3400 loco
1451 3338 1640 3414 productam

379 3459 435 3519 pro
470 3439 559 3502 brevi
591 3455 734 3515 unquam
769 3445 972 3520 usurparunt,
1008 3445 1069 3504 nisi
1104 3460 1168 3506 uuo
1198 3445 1266 3504 loco
1298 3435 1638 3519 212611ρεατα,αι)1

379 3545 485 3605 metro
514 3543 647 3616 cogente
680 3541 775 3616 longa
808 3543 929 3605 vocalis
963 3559 974 3605 ι·
1005 3547 1133 3625 propter
1160 3545 1305 3606 vocalem
1328 3544 1554 3617 insequentem
1576 3555 1638 3601 cor·

379 3647 471 3720 repta
494 3646 545 3703 est
567 3642 617 3713 (oi.
641 3643 659 3712 6
685 3644 746 3712 17).

424 3741 642 3803 Perfectorum
665 3739 762 3818 ἕερμαι
786 3761 804 3802 σ
827 3747 890 3806 296
915 3750 948 3808 61
970 3746 1076 3827 ἕστηκα
1100 3749 1205 3824 prima
1228 3745 1353 3820 syllaba
1379 3757 1457 3803 vera
1478 3743 1530 3802 est
1553 3739 1638 3801 redu·

360 3833 518 3917 plicatio,
543 3841 693 3916 primitus
716 3843 803 3904 enini
826 3845 886 3906 luit
909 3843 1055 3927 oiorppur,
1076 3845 1209 3926 σέστηκα.
1236 3849 1325 3907 Idem
1345 3843 1452 3904 valere
1471 3842 1510 3903 de
1531 3839 1640 3900 auditi

380 3945 491 4003 textus
527 3942 638 4002 lormls
673 3939 756 4019 ἓαδα,
788 3941 896 4022 ἔελμαι,
928 3944 1029 4026 ἔολπα,
1062 3946 1160 4028 ἔοργα,
1193 3962 1309 4022 nempe
1341 3943 1546 4006 scribendum
1568 3955 1640 4002 esse

378 4039 497 4102 fliete
523 4041 668 4122 fifrlpm
689 4042 826 4105 filatim
848 4044 993 4130 ftfopyeq
1015 4065 1111 4112 nemo
1139 4066 1202 4111 non
1228 4049 1324 4124 videt,
1348 4059 1452 4120 necque
1474 4043 1568 4104 aliter
1591 4043 1641 4102 est

379 4143 584 4205 iudicandum
618 4146 657 4207 de
690 4148 839 4222 perlectis
870 4147 1000 4212 εἱιύαται
1030 4153 1059 4224 (6
1090 4153 1175 4228 266),
1207 4149 1338 4228 εἰρύαται
1369 4149 1397 4218 (6
1421 4147 1506 4221 2113),
1531 4141 1641 4222 εἴρηται

379 4242 407 4311 (6
442 4246 527 4320 306),
562 4261 644 4319 quae
674 4248 838 4309 fritlam
860 4251 1027 4332 frfpriarar
1051 4251 1198 4332 fiqurac
1220 4253 1298 4310 elini
1320 4248 1503 4322 scribenda;
1528 4245 1640 4306 eadem

378 4347 489 4406 autem
514 4351 566 4408 ast
586 4349 674 4424 origo
698 4352 819 4413 formae
843 4351 961 4433 εἵμαρτο
987 4378 1019 4399 =
1039 4349 1192 4434 'riopupro
1216 4354 1245 4423 (6
1269 4352 1353 4422 271).

422 4446 482 4506 Pro
516 4445 631 4528 ἔρχαται
666 4455 696 4512 Π
731 4455 792 4515 481
831 4478 848 4514 κ
879 4457 942 4518 283
975 4460 1009 4519 et
1039 4455 1140 4538 ἔρχατο
1172 4456 1279 4514 real
1303 4475 1314 4511 ι
1340 4453 1401 4512 221
1430 4451 1444 4523 ξ
1469 4451 1509 4510 ’(3
1535 4447 1641 4509 Christ

377 4547 498 4620 optimo
532 4551 600 4614 iura
634 4557 799 4633 rescripsit
831 4557 958 4640 εἴρχαται
993 4563 1026 4621 et
1060 4557 1246 4638 ripyerolci.
1272 4557 1290 4627 6
1315 4556 1407 4630 230);
1432 4565 1638 4624 numquam·

376 4662 475 4721 quarn
508 4651 683 4736 refluxum
714 4656 967 4742 61(1)6ε61ρχατο
991 4661 1055 4722 iilis
1079 4661 1158 4720 locis
1180 4660 1379 4734 expectatur,
1399 4655 1502 4716 multo
1533 4653 1640 4713 minus

374 4747 473 4811 oilicit
509 4754 612 4818 lormu
646 4757 678 4818 in
709 4775 773 4835 qua
803 4761 910 4826 solum
942 4763 1107 4836 digamma
1129 4761 1181 4819 est
1204 4759 1387 4833 neglectum
1411 4771 1509 4830 quam
1532 4751 1639 4832 traditi
