3936 5704
830 727 831 730 ,
860 737 863 744 ,
946 686 1024 730 xcvi

397 861 516 922 Atticis
549 857 667 920 littoris
701 858 836 918 exarata
868 871 942 917 esse
976 858 1175 933 exemplaria
1204 875 1286 934 quae
1327 863 1362 922 ln
1400 864 1508 924 Attica
1538 863 1615 926 olim

351 962 472 1023 flebant
493 976 545 1022 res
564 961 637 1022 fert.
659 959 792 1020 Nullum
815 957 913 1031 igitur
936 957 969 1019 in
992 959 1033 1018 ils
1055 961 1125 1020 erat
1146 975 1298 1022 sonorum
1318 963 1384 1040 qei
1403 984 1416 1022 r
1435 967 1469 1025 et
1486 965 1615 1039 pseudo

350 1061 539 1137 diphthongi
562 1081 587 1119 ει
609 1061 793 1135 discrimen,
816 1071 920 1132 neque
943 1073 1096 1119 sonorum
1115 1081 1139 1119 o
1162 1062 1195 1121 et
1217 1082 1234 1120 o
1257 1065 1291 1122 et
1310 1063 1615 1139 pseudodiphthongi

351 1185 399 1242 ov,
432 1162 488 1224 sed
518 1161 620 1235 signis
643 1163 672 1218 Ε
693 1162 727 1221 et
751 1160 777 1218 0
799 1159 879 1220 baec
902 1159 1011 1220 omnia
1032 1160 1271 1238 indicabantur;
1296 1178 1455 1225 consonae
1477 1180 1542 1224 non
1564 1165 1617 1224 du·

351 1265 561 1342 plicabantur,
596 1279 653 1340 pro
683 1277 709 1340 ψ
736 1262 770 1324 et
800 1260 815 1334 ξ
845 1262 956 1322 autern
985 1260 1185 1323 scribebatur
1217 1265 1276 1322 ΦΣ
1314 1267 1347 1327 et
1383 1267 1456 1338 ΧΣ;
1491 1264 1617 1341 spiritui

352 1382 465 1442 aspero
499 1380 596 1427 suum
631 1365 701 1426 erat
734 1363 864 1437 signum
894 1364 937 1440 H,
968 1364 1135 1438 digamma
1164 1365 1197 1426 in
1228 1367 1346 1427 Atticis
1373 1367 1506 1428 Homeri
1528 1367 1618 1428 libris

354 1483 497 1542 unquam
520 1467 678 1542 scriptum
701 1480 772 1527 esse
797 1464 864 1526 veri
884 1465 936 1526 est
953 1465 1111 1528 dissimile
1123 1467 1174 1538 (ci.
1187 1467 1354 1539 inirassdo
1365 1484 1436 1546 pag.
1453 1471 1515 1530 148
1527 1473 1617 1542 sqq).

398 1571 460 1632 Sed
482 1570 595 1644 quinto
617 1570 694 1629 ante
716 1566 788 1628 Obr.
811 1566 941 1628 saeculo
962 1567 1146 1630 litteratura
1167 1569 1277 1630 Attice
1299 1573 1399 1632 cessit
1417 1571 1518 1646 signis
1538 1570 1617 1630 Ioni·

354 1673 411 1750 cis,
445 1685 528 1746 quae
561 1670 601 1731 ab
634 1669 785 1731 omnibus
820 1667 1014 1729 Graecorum
1045 1669 1196 1743 gentibus
1226 1673 1349 1732 sensim
1379 1675 1457 1732 sunt
1478 1672 1616 1746 recepta.

354 1775 447 1835 Anno
477 1773 610 1835 demum
641 1765 743 1850 403Ιὲ
770 1803 808 1814 -
833 1785 915 1844 quae
946 1771 1196 1845 magistratuum
1220 1775 1255 1834 et
1277 1775 1499 1835 ministrorum
1521 1773 1617 1849 publi-

355 1891 466 1937 corum
498 1875 531 1936 in
561 1889 613 1936 res
643 1887 744 1935 nevas
774 1887 889 1948 parum
920 1872 1147 1936 inclinatorum
1176 1873 1261 1936 solet
1287 1892 1359 1938 esse
1381 1878 1519 1938 tarditas
1532 1877 1617 1936 —ln

353 1979 482 2056 publica
511 1977 640 2039 decreta
670 1978 799 2051 recepta
829 1977 916 2051 suot,
947 1975 1003 2036 sed
1030 1976 1085 2039 diu
1108 1977 1205 2039 antea
1226 1978 1327 2039 etiam
1354 1980 1387 2040 ln
1410 1981 1520 2042 Attica
1542 1982 1619 2040 nota

354 2080 448 2141 erant
476 2078 511 2139 et
540 2091 560 2138 ο
590 2075 704 2138 multis
734 2076 980 2152 usurpabantur‚
1010 2078 1042 2137 id
1073 2078 1156 2151 quod
1187 2081 1337 2153 quemvis
1367 2082 1481 2142 statim
1505 2081 1619 2141 docent

354 2179 514 2254 Euripidis
546 2178 615 2238 noti
637 2191 752 2238 versus
774 2178 806 2237 in
840 2177 964 2238 Theseo
997 2177 1115 2253 fabula,
1147 2177 1200 2238 ubi
1234 2179 1407 2238 ΘΗΣΕΤΣ
1435 2196 1553 2242 nomen
1573 2181 1619 2240 ita

355 2279 545 2339 describitur
568 2276 619 2357 (ir.
645 2276 708 2337 385
731 2277 851 2346 Dindi:

575 2375 683 2448 κύκλος
704 2398 747 2449 τις
770 2373 810 2448 ὡς
832 2373 981 2454 τόρνοισιν
1003 2373 1241 2455 ἐκμετρούμενος,

575 2467 662 2548 οὗτος
687 2469 715 2534 ‹l’
743 2472 799 2554 ἔχει
822 2478 945 2552 σημεῖον
969 2471 1001 2534 ἓν
1025 2471 1103 2567 μέσον
1126 2472 1227 2551 σαφές·

574 2573 607 2635 τὸ
631 2575 768 2654 δεύτερον
792 2570 824 2633 δὲ
846 2581 947 2652 πρῶτοι
970 2569 1023 2650 μὲν
1046 2572 1176 2653 γραμμαὶ
1199 2575 1266 2650 δύο,

575 2673 683 2746 ταύτας
706 2673 824 2751 διείργει
848 2665 875 2730 ‹l’
902 2669 934 2731 ἐν
956 2670 1056 2749 μέσοις
1078 2671 1151 2751 ἄλλη
1174 2671 1235 2750 μία·
1259 2675 1319 2734 etc.

398 2775 532 2837 Homeri
562 2776 674 2858 autem
703 2772 902 2847 exemplaria
924 2773 1061 2832 Athenis
1083 2774 1210 2847 quando
1231 2774 1371 2848 primum
1396 2773 1513 2834 litteris
1537 2774 1614 2833 Ioni·

354 2877 402 2937 cls
426 2874 553 2936 exarari
582 2875 648 2935 sint
679 2874 802 2948 coepta,
828 2904 868 2914 -
892 2886 969 2931 nam
1001 2871 1098 2936 ilbros
1132 2871 1207 2933 allbl
1239 2873 1376 2947 scriptos
1405 2888 1491 2935 nunc
1520 2873 1616 2947 negli-

353 2993 470 3054 gamus
489 2991 623 3040 necesse
647 2975 698 3038 est
719 3007 769 3051 -‚
790 2972 920 3035 omnino
943 2973 1117 3036 nescimus.
1141 2973 1303 3050 suspicari
1325 2973 1401 3036 licet
1419 2974 1617 3052 religionem,

353 3095 417 3154 qua
447 3079 593 3142 carmina
615 3077 706 3153 spica
728 3074 834 3150 magis
863 3074 1030 3149 magisque
1054 3075 1137 3137 inter
1160 3075 1298 3137 Graecos
1320 3078 1398 3138 sunt
1420 3079 1616 3152 consecrata,

353 3181 499 3244 olfecisse
530 3183 568 3243 ut
596 3196 668 3242 sero
691 3180 823 3243 demum
854 3179 990 3240 externa
1012 3193 1124 3241 eorum
1146 3181 1271 3256 species
1294 3182 1485 3242 mutaretur.
1509 3181 1561 3242 Sic
1584 3180 1616 3240 in

353 3284 458 3360 patria
486 3286 598 3346 nostra
627 3282 814 3345 etiamnunc
843 3283 922 3341 sunt
950 3279 1047 3342 multi
1070 3283 1125 3355 qui
1151 3281 1273 3343 Bibllae
1293 3283 1492 3358 exemplaria
1514 3283 1616 3357 signis

355 3385 539 3461 „Gothicis”
563 3399 684 3447 excusa
701 3385 735 3444 et
755 3384 902 3444 vetustae
921 3381 1092 3442 verborum
1111 3382 1231 3458 figuras
1251 3382 1366 3456 quibus
1390 3386 1465 3444 ante
1496 3384 1617 3457 aliquot

349 3485 480 3548 saecula
520 3489 628 3560 patres
670 3483 772 3546 nostri
806 3482 981 3543 utebantur
1016 3483 1201 3544 exhibentia
1235 3483 1327 3543 unice
1359 3483 1421 3544 sibi
1452 3485 1615 3560 expetant,

350 3587 469 3662 spretis
498 3586 692 3649 editionibus
722 3584 932 3660 quantumvis
963 3584 1074 3644 nitidis
1105 3599 1187 3658 quae
1217 3583 1379 3646 hodiernis
1409 3585 1527 3646 litteris
1550 3585 1616 3645 sint

351 3689 531 3765 descriptae
563 3688 730 3761 nostrique
768 3684 924 3760 temporis
952 3685 1212 3760 orthographiam
1244 3687 1421 3759 sequantur
1441 3683 1473 3758 ¹).
1503 3687 1616 3760 Itaque

351 3789 435 3864 quod
452 3788 580 3864 placeat
607 3788 704 3849 habet
728 3786 838 3848 (lebeti
859 3785 1031 3862 sententia,
1055 3785 1253 3847 Zenodotum
1281 3788 1421 3861 primum
1447 3789 1541 3858 (circa
1563 3802 1614 3846 an·

350 3903 430 3948 num
460 3891 536 3949 ante
565 3886 636 3949 Ohr.
661 3887 736 3957 aio)
767 3885 895 3946 Atticae
926 3885 1107 3946 carminum
1138 3885 1383 3966 Homericorum
1413 3886 1616 3947 litteraturae

350 3986 560 4047 substituisse
590 3987 684 4060 signa
713 3985 838 4045 Ionica:
873 3984 979 4066 „Libri
1009 3986 1146 4060 veteres,
1177 3984 1261 4044 unde
1289 3984 1470 4045 zenodotus
1492 3985 1616 4060 primus

354 4086 520 4163 ,omnium
549 4100 644 4146 suem
676 4073 809 4145 Homeri
838 4081 1002 4161 διόρθωσιν
1025 4083 1238 4160 concinnavit,
1262 4084 1388 4144 exarati
1410 4085 1504 4145 erant
1524 4083 1616 4164 γρᾶο

353 4201 462 4264 ,μασιν
492 4187 627 4256 Ἀττικοῖς
657 4183 727 4246 sive
757 4179 917 4262 ἀρχαϊκοῖς,
939 4181 1088 4256 qualibus
1109 4183 1325 4246 Athenienses
1352 4186 1428 4245 aute
1449 4184 1614 4247 Euclidem

354 4286 406 4362 „ln
436 4287 525 4347 omni
554 4299 671 4361 genere
692 4285 960 4345 documentorum
983 4283 1166 4361 utebantur,
1190 4299 1334 4358 quaeque
1357 4286 1431 4361 post
1452 4286 1615 4360 receptam

354 4387 591 4463 „litteraturam
623 4385 766 4446 Ionicam
787 4378 807 4460 ἡ
830 4380 942 4443 παλαιὰ
964 4382 1149 4464 γραμματική
1180 4380 1278 4462 aute}
1302 4382 1408 4464 ἀρχαία
1430 4383 1615 4466 γραμματική

384 4587 403 4652 ¹)
420 4591 586 4640 Grammstioi
603 4591 695 4640 timaei
711 4589 888 4650 inconptlonee
905 4592 1006 4637 vetusta
1022 4587 1167 4638 litteratura
1183 4591 1296 4652 insignes
1310 4591 1438 4638 fluxerunt
1453 4592 1511 4651 plus
1526 4590 1613 4639 semel.

350 4669 500 4717 cuimodi
525 4670 598 4719 inane
622 4673 712 4730 aptum
737 4668 883 4729 exemplum
908 4668 1235 4736 praebottmonnnrontum
1258 4669 1326 4730 qnod
1349 4671 1445 4716 Romae
1462 4671 1535 4718 uxori
1552 4681 1613 4717 anae

350 4746 464 4795 condidit
480 4749 567 4796 rhetor
584 4748 700 4795 Emodon
714 4745 813 4793 eruens
831 4745 953 4793 Hadriam
962 4748 1087 4808 tempore,
1105 4745 1170 4794 uio.
1188 4748 1232 4794 id:
1262 4747 1322 4794 cim
1340 4752 1371 4792 οι
1385 4744 1391 4806 Ι
1403 4763 1471 4806 prm
1490 4767 1519 4808 p·
1533 4744 1538 4812 Ι
1552 4763 1614 4794 ren«-

353 4842 417 4872 ιιοοι
436 4827 483 4873 etc.
