3936 5704
947 740 1016 786 xvir

345 916 430 978 serlo
462 917 604 978 carmine
628 918 781 980 celebrari
804 917 956 996 solerent,
982 919 1089 994 quivis
1111 918 1229 981 sentit:
1253 921 1326 980 tum
1350 921 1481 982 demum
1506 921 1614 982 ortum

344 1021 396 1079 est
418 1033 492 1079 cum
517 1021 668 1094 poemata
691 1021 818 1082 heroica
841 1020 935 1095 longo
963 1037 1023 1082 usu
1049 1021 1151 1082 doctis
1174 1022 1374 1096 indoctisque
1396 1023 1616 1083 innotuissent

344 1121 378 1180 et
401 1121 573 1182 decantata
597 1122 663 1182 iere
688 1121 881 1183 viderentur.
904 1122 1022 1196 Pigreti
1044 1121 1283 1183 Halicarnesslo
1304 1115 1339 1180 V'
1359 1124 1481 1184 saeculi
1501 1125 1614 1198 poetae

345 1221 492 1282 tribuunt
525 1223 640 1282 Saldae
669 1221 688 1289 'l
724 1227 758 1282 et
792 1223 984 1285 Plutarchus
1012 1223 1045 1298 ²),
1085 1223 1304 1285 Alexandrina
1340 1226 1473 1286 demum
1507 1226 1614 1285 aetate

345 1325 561 1398 compositum
596 1340 668 1385 usse
703 1326 887 1399 suspicatus
921 1327 972 1385 est
1011 1340 1072 1384 van
1108 1325 1301 1387 Herwerden
1338 1325 1493 1387 binemus.
1530 1327 1613 1387 1882

348 1441 378 1500 p.
406 1427 466 1487 163
490 1441 559 1500 sqq.

388 1527 462 1587 Alia
492 1529 637 1588 carmina
667 1528 822 1589 nonnulla
852 1529 960 1601 exigui
990 1527 1133 1588 ambitus
1164 1528 1305 1588 Homero
1337 1530 1613 1604 adscribebantur,

344 1644 427 1702 «quae
458 1645 561 1703 neque
583 1630 767 1704 argumenti
789 1630 949 1703 gravitate
976 1628 1166 1690 dictionlsve
1189 1628 1350 1702 elegantia
1375 1630 1453 1689 sunt
1476 1627 1615 1702 insignia

344 1743 447 1803 neque
482 1731 657 1792 admodum
691 1731 822 1790 vetusta
856 1745 929 1790 esse
964 1730 1122 1789 videntur.
1162 1729 1305 1802 Denique
1339 1730 1444 1789 eldem
1479 1743 1614 1804 poeseos

344 1831 453 1903 generi
475 1833 675 1891 accensenda
698 1833 775 1891 sunt
799 1832 943 1890 carmina
964 1830 1140 1904 Hesiodea;
1166 1844 1244 1889 nam
1265 1831 1319 1889 vix
1340 1828 1438 1890 ullius
1459 1829 1617 1888 momenti

342 1931 393 1989 est
424 1931 608 2006 discrimen,
642 1931 726 2004 quud
761 1931 855 1990 multi
888 1930 1074 1990 statuerunt
1106 1931 1190 1990 inter
1212 1930 1337 2005 epicam
1361 1929 1495 1989 Homeri
1518 1931 1552 1989 et
1573 1929 1616 1989 di·

346 2031 506 2092 dacticem
540 2032 672 2093 Hesiodi
706 2033 839 2108 poesim,
875 2047 934 2093 nec
965 2032 1026 2092 nisi
1058 2033 1096 2092 de
1128 2031 1312 2105 Theogonis
1341 2031 1439 2104 atque
1462 2029 1618 2106 Operibus

345 2133 405 2192 buc
435 2146 553 2193 nomen
586 2133 734 2208 usurpari
766 2135 889 2208 potest,
923 2135 1031 2194 cetera
1064 2134 1175 2194 autem
1203 2132 1349 2193 carmina
1371 2147 1454 2205 quae
1478 2131 1617 2192 Hesiodo

346 2231 577 2307 attribuuntur,
598 2234 747 2295 Herculis
766 2234 836 2294 dico
857 2234 1013 2308 clypeum
1033 2235 1067 2293 et
1087 2246 1184 2307 opera
1203 2231 1378 2306 deperdita,
1402 2232 1619 2292 heroicasunt

350 2347 440 2392 mera
461 2334 497 2391 et
518 2335 550 2392 ln
574 2334 776 2406 argumentis
800 2333 893 2394 Iliadl
916 2335 1013 2407 atque
1036 2333 1201 2406 Odysseae
1225 2330 1376 2392 aiilnibus
1401 2332 1581 2391 versantur.

394 2432 456 2492 Sed
488 2432 647 2493 Hesiodea
670 2436 815 2495 carmina
838 2449 922 2495 nunc
946 2435 1119 2494 mittamus
1141 2433 1277 2507 oportet,
1301 2446 1405 2505 neque
1429 2431 1461 2492 iu
1485 2431 1619 2491 Homeri

351 2548 408 2608 ope
451 2533 615 2609 deperdita
656 2535 868 2612 inquiremus,
911 2535 1059 2610 Hymnus
1102 2537 1212 2596 autem
1248 2533 1375 2594 nonnisi
1409 2533 1442 2593 ln
1478 2533 1618 2593 transitu

350 2637 579 2712 spectabimus,
603 2637 682 2698 solis
706 2638 795 2699 lliadi
820 2640 854 2700 et
876 2639 1040 2713 Odysseae
1062 2637 1317 2698 immorabimur.

394 2739 504 2800 Unum
528 2741 730 2814 eundemque
755 2743 874 2816 vatem,
898 2742 949 2803 cui
974 2741 1136 2803 Homerus
1160 2755 1277 2800 nomen
1297 2739 1423 2813 luisset,
1443 2738 1618 2809 utrumque

351 2857 431 2917 opus
463 2842 643 2905 condidisse
673 2843 707 2904 et
737 2845 776 2904 ad
807 2843 905 2904 tinem
929 2845 1118 2919 perduxisse
1141 2841 1298 2918 putabant
1321 2838 1443 2914 Graeci,
1467 2839 1554 2898 certe
1577 2838 1617 2896 ab

352 2945 406 3004 illo
429 2945 502 3005 inde
526 2947 670 3019 tempure
694 2945 733 3005 de
756 2961 818 3018 quo
842 2945 1016 3006 resciscere
1036 2944 1155 3017 aliquid
1177 2955 1360 3018 possumus.
1382 2941 1455 3010 Χῖος
1474 2935 1551 3016 ἀνὴρ
1567 2938 1618 2998 laic

352 3047 446 3119 poeta
469 3048 603 3106 vocatus
634 3048 685 3107 est
715 3047 920 3108 asimonide
944 3046 1006 3108 Oeo
1029 3047 1066 3106 fr.
1093 3047 1145 3120 85,
1169 3043 1224 3104 alii
1247 3041 1376 3102 aliunde
1399 3053 1475 3100 eum
1499 3041 1617 3113 repete·

352 3147 430 3207 bant
451 3147 553 3221 deque
577 3149 647 3208 eius
670 3147 747 3209 fatis
770 3147 860 3209 varie
883 3149 1056 3208 narrabant
1075 3151 1107 3222 ³),
1132 3145 1282 3206 civitates
1305 3143 1414 3203 autem
1436 3139 1619 3216 complures

352 3265 427 3311 eum
458 3251 519 3311 sibi
552 3250 766 3327 vindicabant,
798 3252 956 3325 equibus
982 3251 1109 3325 septem
1131 3263 1207 3323 prae
1230 3245 1347 3307 ceteris
1370 3243 1618 3304 commemorari

352 3354 457 3414 solent
476 3355 508 3421 λ).
541 3355 684 3429 Quarum
713 3367 796 3427 quae
826 3353 930 3427 primo
959 3353 1028 3411 loco
1049 3350 1252 3423 nuncupatur
1274 3346 1464 3422 plerumque
1483 3349 1517 3421 ⁵),
1542 3343 1618 3404 urbs

355 3455 495 3532 Smyrna
524 3458 557 3515 in
588 3453 730 3514 Aeolidis
764 3455 798 3514 et
831 3453 939 3513 Ioniae
970 3449 1106 3512 confinio
1136 3451 1251 3524 posita,
1286 3447 1326 3508 ab
1356 3444 1510 3506 Aeolibus
1540 3447 1619 3507 olim

354 3557 489 3632 condita,
520 3557 633 3630 postea
663 3569 739 3614 vero
769 3555 808 3615 ab
839 3553 971 3614 Ionibus
993 3567 1035 3612 ea
1059 3551 1135 3611 urbe
1160 3549 1338 3623 Colophone
1364 3545 1508 3606 oriundis
1530 3561 1617 3606 occu·

353 3657 429 3732 pata
446 3659 479 3732 ¹),
503 3658 611 3732 spicae
634 3670 768 3729 poeseos
790 3669 890 3715 cunas
913 3652 1057 3714 tenuisse
1083 3666 1146 3711 non
1172 3650 1243 3710 sine
1266 3645 1489 3723 probabilitate
1511 3646 1619 3720 aliqua

388 3861 407 3929 ¹)
424 3866 450 3913 Β.
466 3878 491 3913 v,
509 3869 604 3930 Πίγρης.

385 3945 406 4006 ἱ)
423 3946 486 3993 Hor.
504 3941 580 4008 stas.

385 4021 406 4086 ’λ
420 4027 525 4075 Homeri
550 4026 623 4085 ritaa,
647 4037 755 4085 quarum
777 4037 844 4083 quae
867 4020 1046 4081 antiqulsalma
1063 4021 1090 4066 at
1111 4016 1248 4080 poematiis
1264 4015 1367 4063 aliunde
1384 4014 1479 4074 ignotis
1497 4017 1619 4062 exornata

353 4109 393 4154 est
409 4105 532 4155 Herodoti
550 4119 642 4152 numan
660 4105 807 4160 ementitur,
823 4101 928 4161 collegit
941 4101 1116 4147 Weatermann
1133 4098 1159 4144 lu
1173 4095 1375 4155 ntegrapnorum
1392 4091 1538 4153 editiunep.
1551 4093 1618 4140 Mb.

353 4187 471 4234 Omnium
489 4186 566 4246 primi
584 4184 617 4230 de
633 4183 738 4230 Homeri
756 4193 849 4240 genere
866 4180 1025 4240 scripserunt
1041 4179 1180 4240 λογογράφοι
1195 4173 1306 4221 aauonlia
1325 4173 1374 4221 vu
1388 4173 1414 4220 at
1427 4171 1463 4220 Vo
1477 4173 1536 4218 antu
1552 4171 1619 4230 clar,

354 4267 378 4314 in
397 4268 437 4314 laia
454 4265 629 4326 l'lrurocydea3
648 4264 698 4311 vid.
716 4263 881 4322 Sorrgobnaolr
902 4261 1005 4307 lliaacrt
1025 4259 1098 4306 llum.
1117 4257 1131 4305 1
1147 4271 1171 4318 p.
1191 4255 1238 4303 tbi
1257 4267 1313 4314 sqq.

386 4345 460 4405 ‘lilla
486 4347 619 4407 Antipatro
644 4341 781 4406 sideralem
807 4343 832 4388 ln
857 4341 938 4401 epigr.
961 4338 993 4386 44
1017 4337 1181 4385 nominantur
1203 4339 1297 4400 §.51de
1321 4337 1379 4388 Χλο,·
1404 4335 1514 4394 Κολοφὼν
1529 4331 1619 4389 'ltdnq

359 4433 432 4482 Πύλος
454 4429 539 4492 Ἀργος
561 4429 666 4485 liutran.
692 4423 724 4471 ab
748 4435 873 4481 anurrymu
896 4421 921 4467 in
945 4420 1024 4480 upigr.
1049 4419 1097 4465 auu
1120 4415 1216 4465 Jacobs
1235 4417 1303 4474 Κύμη
1320 4415 1413 4476 Σμύρνα
1432 4415 1490 4466 Χλος
1509 4413 1621 4472 Κολοφὼν

360 4512 432 4562 title:
453 4508 538 4570 Ἀργος
562 4509 668 4565 :laurea
696 4505 745 4550 Pro
769 4500 828 4548 t'ha'u
850 4501 893 4548 alil
917 4497 1034 4560 Rhodon,
1056 4497 1100 4544 alli
1123 4496 1183 4543 lade
1201 4509 1216 4541 a
1234 4495 1271 4540 V⁰
1290 4495 1349 4540 aute
1369 4493 1428 4540 clar.
1445 4489 1548 4538 saeculo
1565 4487 1619 4536 [aar

357 4588 464 4634 insulam
481 4584 619 4646 ponebant,
635 4583 680 4631 ubi
697 4583 801 4631 Homeri
820 4580 967 4642 sepulcrum
990 4575 1182 4634 ostendebatur,
1198 4575 1225 4622 in
1242 4572 1283 4621 lala
1301 4569 1458 4620 Aristoteles.
1475 4569 1556 4616 -Ot
1567 4569 1620 4616 Olo.

358 4677 403 4724 pru
420 4665 511 4712 drohla
529 4667 552 4722 a,
570 4663 636 4712 Geli.
654 4663 694 4709 111
716 4663 755 4708 ll.

390 4740 412 4808 ⁸)
427 4744 534 4792 Saeculo
557 4743 592 4786 vo
612 4743 779 4801 Smyrnaeum
803 4741 942 4787 Humerum
960 4736 1051 4784 habuit
1067 4733 1202 4792 Pindarus,
1220 4731 1281 4778 item
1300 4727 1484 4777 dteaimbrotua
1501 4724 1619 4772 riulan

389 4819 409 4880 ‘l
426 4823 480 4871 vid.
499 4821 641 4870 Hlmncrmi
660 4821 690 4877 ir,
710 4823 724 4868 9
744 4819 813 4880 apud
831 4819 981 4867 Strabonem
1002 4815 1059 4862 xlv
1076 4829 1101 4874 p.
1120 4813 1177 4868 cst,
1201 4809 1294 4858 Herod.
1312 4810 1325 4855 1
1345 4809 1374 4856 lo
1391 4811 1419 4855 et
1437 4806 1492 4860 llio.
1511 4805 1620 4851 Pansan.

359 4905 403 4951 vu
421 4907 435 4952 ι
453 4905 467 4964 a
487 4907 508 4951 ι.

1512 4969 1543 5015 ,0
