3934 5706
332 755 350 824 ᾗ
373 754 426 824 40]
939 753 999 814 141

334 941 449 1016 ,beuta
472 941 565 1000 einen
584 939 779 1000 Homerterrt
797 937 922 1014 druokt,
947 939 1003 999 der
1025 937 1158 1000 handelt
1180 939 1293 1015 ialsob,
1318 957 1412 1002 wenn
1436 957 1471 1001 er
1494 941 1598 1003 dasf

334 1039 415 1116 ,mit
438 1039 644 1100 aulnimmt”.
660 1073 700 1082 -
713 1037 848 1099 Dilliclle
868 1040 920 1099 est
938 1054 1040 1111 aequo
1059 1039 1168 1100 animo
1187 1039 1267 1100 haee
1286 1039 1458 1115 perlegere.
1472 1040 1597 1102 Eumne

330 1141 429 1214 igitur
461 1142 615 1201 eventum
646 1141 787 1201 habeant
816 1141 866 1200 tot
895 1139 1040 1200 virorum
1065 1142 1232 1214 sagacium
1259 1141 1501 1214 disquisitiones
1525 1144 1596 1202 sub-

330 1242 511 1318 tilissimae,
546 1241 583 1302 ut
617 1241 695 1301 Ilias
729 1243 762 1300 et
796 1240 940 1314 Odyssea
974 1241 1040 1300 iarn
1072 1241 1244 1301 credantur
1274 1243 1420 1305 conditae
1453 1259 1526 1305 esse
1556 1244 1596 1304 ab

330 1343 513 1405 bominibus
547 1345 627 1404 artis
661 1345 694 1403 et
726 1341 834 1403 iudicii
864 1342 1060 1418 expertibus,
1088 1342 1142 1415 qui
1167 1358 1206 1402 ne
1229 1358 1344 1404 versus
1367 1344 1497 1418 quidem
1521 1359 1593 1419 pan·

329 1460 404 1519 gere
434 1446 578 1506 scirent?
608 1445 676 1505 Nae
707 1444 920 1518 praeferimus
942 1442 1049 1504 lutum
1072 1443 1150 1506 illud
1178 1445 1358 1521 antiquum,
1381 1445 1414 1505 in
1437 1461 1500 1518 quo
1523 1446 1595 1505 haa-

330 1546 443 1606 rebant
476 1546 621 1607 Dorviilii
652 1547 686 1604 et
716 1545 890 1619 Spitaneri;
915 1545 948 1604 hi
971 1545 1059 1605 enim
1082 1547 1179 1606 metri
1207 1546 1287 1606 vitia
1310 1547 1343 1606 in
1367 1546 1507 1606 vetustis
1530 1546 1596 1606 illis

330 1647 478 1721 operibus
508 1651 621 1709 extare
644 1646 814 1722 negabant,
838 1645 1054 1707 recentissimi
1080 1662 1156 1707 vero
1180 1647 1282 1708 critici
1307 1647 1340 1708 in
1363 1648 1510 1708 animum
1534 1646 1595 1707 sibi

329 1749 485 1811 inducunt
518 1750 598 1810 vitia
633 1749 768 1810 metrica
797 1748 920 1823 passim
953 1749 992 1808 ab
1023 1749 1093 1824 ipso
1121 1750 1196 1810 vete
1220 1750 1365 1810 admissa
1387 1765 1460 1810 esse
1483 1749 1598 1810 dormi·

331 1852 422 1929 tanti,
458 1869 533 1913 cuin
566 1851 663 1930 ὥσπερ
694 1859 786 1931 γραῦς
810 1849 919 1930 κάχρυς
947 1847 1060 1910 ἁλοῦσα
1084 1851 1267 1912 cantillaret
1290 1851 1423 1912 verbula
1446 1868 1487 1913 ex
1510 1853 1599 1913 obso-

330 1952 405 2013 letis
432 1953 624 2028 quibusdam
648 1953 845 2014 carminibus
869 1954 1030 2029 excerpta,
1054 1968 1136 2026 quae
1165 1953 1268 2028 ipsius
1291 1955 1469 2016 memoriae
1492 1955 1599 2016 inhae-

331 2057 447 2116 rerent.
471 2057 516 2116 At

527 2173 592 2217 non
614 2157 734 2216 dormit
756 2157 866 2216 vates:
891 2155 993 2215 critici
1016 2170 1077 2215 sua
1099 2155 1227 2216 somnia
1250 2156 1392 2216 narrant.

374 2256 407 2316 Si
441 2257 514 2330 quis
544 2257 645 2318 eredit
677 2271 733 2316 eos
763 2257 877 2329 poetas
906 2255 961 2328 qui
992 2255 1141 2316 Hectoris
1164 2271 1237 2316 oum
1267 2270 1368 2315 uxore
1390 2255 1597 2332 colloquium,

330 2355 465 2416 Achillis
485 2357 578 2433 iram,
599 2356 720 2417 Priami
739 2355 875 2430 luctum,
895 2355 1002 2415 Ulixis
1021 2355 1160 2415 reditum
1174 2355 1368 2430 cecinerunt,
1389 2355 1460 2416 ideo
1476 2355 1598 2416 dixisse

330 2451 389 2514 dab
419 2452 460 2532 ἕο,
491 2455 577 2528 edgar»
600 2449 669 2516 olle
691 2457 752 2517 etc.
777 2457 861 2529 quod
885 2457 924 2516 ab
948 2455 1021 2516 aliis
1047 2456 1174 2516 vatibus
1198 2456 1229 2516 in
1254 2456 1327 2516 eliis
1350 2455 1519 2516 versiculis
1543 2457 1596 2517 ali·

330 2557 455 2630 quando
489 2559 643 2633 producta
674 2559 763 2619 esset
784 2557 911 2632 syllaba
934 2579 964 2616 -o
989 2558 1040 2619 vel
1068 2579 1129 2634 -ov,
1150 2557 1179 2618 is
1202 2559 1301 2618 etiam
1326 2573 1406 2633 opus
1430 2558 1597 2620 musivum

329 2659 472 2732 picturae
497 2661 768 2721 Rembrantianae
792 2659 899 2720 simile
918 2659 1038 2720 iudicet
1057 2660 1110 2721 vel
1130 2660 1283 2722 centones
1304 2660 1493 2721 Homericos
1510 2663 1596 2721 ante·
1657 2676 1658 2680 ¹

328 2763 426 2835 ponat
448 2763 510 2837 ipsi
532 2763 683 2824 Homero.

373 2863 434 2923 Sed
457 2864 637 2924 cavendum
661 2879 702 2924 ne
722 2863 939 2937 indignatione
959 2864 1082 2938 abrepti
1103 2864 1201 2924 verba
1224 2877 1280 2938 pro
1298 2863 1500 2936 argumentis
1519 2865 1595 2925 dare

330 2963 497 3024 videamur
530 2967 589 3026 aut
621 2979 697 3039 erga
730 2964 811 3025 alios
845 2963 1032 3041 philologos,
1068 2979 1124 3026 eos
1158 2979 1283 3038 quoque
1317 2965 1386 3024 veri
1420 2963 1593 3042 studiosos,

329 3064 428 3141 iniqui
453 3067 578 3130 liarnua
604 3067 722 3128 Sedato
745 3066 842 3141 igitur
865 3066 974 3128 monto
995 3069 1182 3143 reputemus
1202 3067 1324 3128 satisne
1350 3067 1457 3128 valeat
1481 3067 1594 3129 Caneri

329 3171 408 3232 luteo
438 3171 620 3234 observatio
651 3173 690 3234 do
708 3171 782 3233 ¹loco
805 3171 916 3233 Iliadis
940 3173 972 3230 rt
998 3175 1069 3234 ibt.
1094 3172 1237 3249 luppiter
1259 3187 1334 3232 oum
1362 3173 1517 3234 mandata
1540 3173 1596 3234 dat

329 3273 403 3334 Iridi
427 3276 466 3336 ad
491 3275 657 3336 Priamum
680 3276 877 3351 perierenda,
902 3277 981 3337 haec
1004 3275 1110 3338 addit:

549 3375 625 3455 μηδέ
647 3377 676 3438 τί
696 3377 727 3439 ol
746 3377 879 3449 θάνατος
901 3373 1008 3454 μελέτω
1032 3374 1119 3455 φρεσὶ
1141 3375 1217 3455 μηδέ
1239 3400 1265 3437 τι
1288 3375 1403 3458 τάρβος·

549 3484 630 3540 τοῖον
653 3478 709 3560 γάρ
731 3478 762 3539 οἱ
782 3478 903 3558 πομπὸν
927 3475 1095 3557 ὀπάσσομεν
1118 3475 1326 3558 ἀργειφόντην,

549 3575 582 3653 ὃς
605 3577 667 3654 ἄξει
690 3579 756 3652 εἵως
778 3603 829 3641 κεν
851 3577 932 3661 ἄγων
955 3584 1062 3659 Ἀχιλῆι
1084 3580 1223 3664 πελάσσῃ.

328 3679 425 3741 Venit
446 3681 508 3742 Iris
531 3684 570 3744 ad
594 3699 714 3760 regem,
739 3685 770 3745 ot
794 3683 846 3744 his
868 3683 975 3744 verbis
998 3699 1074 3743 eum
1097 3683 1270 3757 compellat
1293 3687 1352 3754 (vs.
1380 3684 1440 3744 181
1470 3688 1569 3759 sqq.):

547 3781 623 3862 μηδέ
644 3783 673 3844 τί
694 3807 738 3845 τοι
760 3783 893 3855 θάνατος
916 3781 1021 3860 μελέτω
1045 3781 1131 3862 φρεσὶ
1154 3780 1229 3862 μηδέ
1252 3806 1278 3843 τι
1300 3783 1416 3863 τάρβος·

548 3891 626 3956 τοῖος
648 3884 703 3965 γάρ
725 3908 771 3945 τοι
792 3883 911 3963 πομπὸς
934 3878 979 3960 llp'
1007 3881 1108 3960 ἕψεται
1131 3883 1336 3964 ἀργειφόντης,

549 3985 581 4057 ὅς
605 3978 627 4046 e'
654 3984 716 4058 ἄξει
740 3985 805 4057 εἵως
828 4007 880 4044 κεν
902 3981 984 4064 ἄγων
1007 3989 1113 4062 Ἀχιλῆι
1135 3985 1273 4066 πελάσσῃ.

328 4085 453 4144 Gemini
484 4086 517 4145 hi
548 4085 609 4147 loci
632 4086 788 4159 quantam
812 4086 953 4146 habeant
975 4085 1043 4145 vim
1067 4086 1108 4145 ad
1134 4083 1389 4146 confirmandam
1412 4086 1592 4146 doctrinam

328 4201 408 4258 (quae
443 4189 495 4247 est
528 4189 566 4249 de
601 4187 772 4249 Homerico
796 4188 971 4261 digammo,
996 4167 1259 4247 demonstrarunt
1282 4184 1409 4246 Belrker
1427 4187 1461 4247 et
1485 4185 1592 4247 Cobet.

327 4288 402 4362 Ipsa
430 4291 543 4364 poetae
577 4288 674 4350 verba
697 4305 794 4350 versu
819 4290 881 4349 183
905 4289 976 4348 luce
1000 4287 1118 4349 clarius
1142 4287 1326 4362 ostendunt,
1350 4287 1383 4346 in
1408 4303 1503 4348 versu
1529 4289 1592 4348 ret

327 4405 500 4464 pronomen
531 4385 613 4467 Pp),
646 4393 730 4465 quod
759 4407 833 4453 cum
859 4393 1000 4450 metrum
1024 4389 1150 4464 llagitat
1173 4389 1244 4448 tum
1268 4389 1440 4465 sententia,
1463 4390 1537 4464 post
1560 4383 1593 4462 ὃς

327 4492 536 4554 intercidisse.
569 4494 649 4569 Quid
672 4494 794 4568 igitur?
817 4491 944 4552 Numae
968 4493 1063 4565 poeta
1084 4491 1180 4552 huius
1212 4489 1273 4551 loci
1295 4490 1458 4564 putandus
1481 4491 1592 4550 tamen

327 4596 377 4656 est
407 4583 440 4666 ὃς
463 4592 525 4669 ἄξει
554 4595 709 4658 cecinisse
736 4596 795 4672 ,ad
818 4595 1005 4668 exemplum
1028 4592 1246 4666 antiquiorum
1275 4591 1457 4665 aliquorum
1479 4593 1592 4652 carmi·

326 4699 451 4760 nurn?”
487 4697 694 4761 Credimusne
729 4713 803 4760 oum
842 4697 1015 4776 ,nesciisse
1048 4712 1104 4758 our
1126 4693 1315 4772 produceret
1342 4693 1501 4768 syllabam
1526 4688 1591 4771 ὃς”,

326 4805 382 4866 sod
406 4803 569 4866 audivisse
592 4803 761 4878 aliquando
784 4802 824 4864 ab
848 4803 921 4866 aliis
943 4801 1126 4864 hexametri
1149 4799 1239 4861 initio
1261 4799 1475 4875 productam?
1504 4799 1593 4859 Bona

328 4908 440 4968 verba!
477 4909 615 4970 absurda
649 4909 734 4970 enim
766 4908 832 4970 iam
864 4908 972 4971 evadit
1002 4906 1173 4982 sententia,
1204 4919 1303 4979 quam
1330 4919 1349 4964 a
1373 4903 1505 4980 Cauero,
1529 4917 1592 4976 quo
