3958 5696
280 701 300 781 a
324 705 399 782 314,
424 706 499 778 3151
889 706 950 767 531

279 885 364 966 μινές
397 887 453 950 elur
487 905 527 951 an
558 884 607 949 ini
637 885 774 966 κοιμλνις
805 885 863 948 eloi
891 889 936 950 sit
967 889 1172 952 scribendum
1194 891 1370 966 ambigitur
1394 888 1467 969 (nos
1489 894 1550 954 hoo

278 987 512 1063 praeferimus),
535 989 569 1048 et
592 989 641 1048 sio
663 1003 768 1063 porro.
794 987 840 1048 01.
865 988 965 1048 Lehrs
989 988 1102 1049 Arist.¹
1126 1005 1156 1064 p.
1187 990 1249 1050 107
1272 1005 1342 1064 sqq.

324 1089 361 1148 In
391 1089 568 1149 recentiore
598 1087 709 1161 lingua
738 1086 799 1148 solt
830 1087 1058 1162 praepositioni
1085 1085 1160 1167 πρός
1182 1089 1279 1150 huius
1302 1091 1474 1165 potestatis
1496 1090 1550 1151 all-

279 1187 354 1260 quid
384 1188 572 1262 permansit.
605 1187 692 1262 Quas
722 1188 756 1248 et
786 1187 931 1248 adverbii
953 1188 1023 1248 looo
1046 1184 1109 1266 (rol
1130 1187 1215 1266 πρός,
1235 1187 1311 1267 πρὸς
1335 1187 1379 1268 δέ)
1403 1190 1552 1264 usurpari

278 1289 414 1362 poterat,
453 1289 487 1346 et
517 1287 624 1347 verbis
661 1301 787 1360 quoque
818 1287 1000 1361 praemissa
1031 1302 1130 1348 suum
1167 1289 1229 1349 sibi
1261 1291 1432 1351 noeentum
1466 1290 1552 1350 haud

279 1403 351 1449 raro
382 1388 574 1465 vindicabat,
598 1403 625 1449 θ.
650 1403 679 1463 g.
711 1385 762 1447 κοιλ
792 1385 878 1468 χάριν
909 1386 984 1467 πρὸς
1020 1386 1136 1467 εἴσομαι
1168 1383 1238 1470 (alii
1261 1389 1465 1469 προσείσομαι)
1495 1392 1551 1452 Ar.

280 1488 375 1563 Vesp.
403 1488 498 1550 1420.
1079 1560 1081 1564 ¹

324 1589 426 1662 Saepe
455 1590 567 1650 autem
606 1589 860 1664 praepositiones
890 1604 911 1649 a
941 1588 1059 1665 verbis,
1090 1588 1206 1662 quibus
1234 1590 1434 1664 praemissae
1464 1593 1551 1667 sunt,

280 1689 494 1764 seiunguntur
524 1704 589 1750 una
618 1688 804 1765 pluribusve
833 1686 965 1748 vocibus
995 1688 1213 1764 interpositis;
1245 1689 1348 1750 tmesis
1376 1705 1459 1764 quae
1490 1690 1553 1751 diet

280 1790 373 1851 solet.
404 1790 488 1852 Hine
511 1805 636 1864 quoque
659 1791 779 1864 liquide
811 1790 944 1866 apparet
965 1789 1236 1865 praepositionem
1260 1803 1342 1852 aevo
1364 1791 1454 1866 eploo
1477 1808 1552 1853 non·

281 1893 358 1953 dum
381 1893 413 1952 ln
437 1907 540 1954 unum
565 1908 679 1968 eorpus
702 1908 777 1954 oum
801 1907 861 1952 suo
884 1891 983 1952 verbo
1004 1891 1133 1953 abiisse.
1158 1891 1315 1967 Exempla
1338 1895 1452 1954 sunto:

479 1989 530 2052 καλ
552 1989 612 2053 troi
633 1989 747 2070 κνέφας
770 1983 879 2071 ἦλθε.
1255 1996 1285 2053 A
1307 1995 1383 2056 475.

480 2091 555 2154 ἀνὰ
578 2090 611 2154 δὲ
634 2093 740 2174 κρείων
763 2089 950 2174 Ἀγαμλμνων
971 2089 977 2172 Ι
997 2091 1095 2172 ἔστη.
1257 2097 1283 2154 Β
1308 2096 1381 2157 100.

479 2193 577 2257 κατὰ
599 2197 673 2276 βοῦς
690 2191 860 2278 Ὑπερίονος
881 2189 1007 2256 Ἠελίοιο
1028 2188 1033 2278 Ι
1053 2193 1213 2274 ἤσθιον.
1257 2219 1277 2256 οι
1300 2198 1331 2258 8.

324 2393 347 2478 β
365 2395 438 2463 314.
462 2399 729 2476 Praepositiones,
754 2414 835 2473 quae
856 2414 975 2460 nomen
994 2398 1116 2460 habent
1133 2398 1332 2476 adiunctum,
1352 2400 1448 2461 modo
1466 2416 1553 2476 prae·

281 2500 409 2576 cedunt,
439 2501 531 2562 ouius
563 2501 610 2563 rei
640 2500 888 2575 vulgatissimae
921 2499 1072 2576 exempla
1094 2501 1209 2561 afferre
1232 2501 1357 2578 inutile,
1382 2501 1477 2563 modo
1501 2517 1553 2563 no·

282 2601 363 2662 mini
381 2601 630 2680 subiunguntur,
654 2602 844 2677 interposita
866 2602 1031 2663 interdum
1054 2600 1221 2676 particula.
1246 2601 1324 2663 Post
1347 2602 1555 2678 anastrophen

281 2701 364 2762 hano
387 2717 470 2775 quae
493 2703 610 2764 dieitur
641 2705 812 2764 nocentum
833 2718 931 2763 suurn
957 2703 1092 2762 servant
1112 2703 1366 2777 praepositiones
1389 2700 1422 2762 iv
1446 2700 1554 2785 (ouius

281 2803 385 2863 forma
415 2802 574 2876 disyllaba
605 2798 651 2861 ἐνί
680 2803 800 2864 talibus
825 2802 905 2863 locis
928 2801 1011 2862 solet
1035 2803 1193 2879 usurpari,
1216 2802 1257 2863 oi.
1281 2803 1299 2872 5
1323 2797 1427 2884 315⁸),
1451 2800 1555 2879 1ξ,ε1’ς

281 2900 341 2976 (ἔς),
360 2901 539 2976 disyllabae
557 2904 668 2964 autem
690 2903 943 2978 praepositiones
957 2935 997 2946 -
1010 2903 1155 2978 exeeptis
1173 2899 1261 2980 ἀμφί,
1279 2898 1348 2980 ἀνά,
1362 2900 1437 2981 ἀντί,
1449 2901 1500 2962 tiu
1513 2937 1553 2948 —

281 3002 453 3062 accentum
475 3001 508 3062 in
532 3002 694 3078 syllabam
722 3002 862 3078 priorem
885 3002 1056 3078 ooniolunt,
1080 3003 1144 3062 nisi
1167 3003 1251 3063 inter
1273 3019 1391 3064 nomen
1412 3005 1446 3066 et
1465 3019 1553 3079 prae·

280 3103 473 3178 positionem
497 3103 676 3165 intercedat
699 3102 857 3179 particula
877 3106 909 3174 ¹).
934 3101 993 3164 Er.
1016 3117 1082 3178 gn:

411 3203 618 3284 καλεσσαμένω
641 3201 792 3285 ἀγορὴν
815 3203 872 3277 εἲς
894 3203 1008 3277 πάντας
1031 3205 1172 3284 Ἀχαιούς.
1308 3228 1327 3286 γ
1352 3209 1425 3268 137.

413 3303 600 3367 ὅπλοισιν
623 3303 682 3367 ἔνι
704 3307 870 3368 θῐεινοῖσιν
892 3303 1011 3385 ἐδύτην.
1307 3309 1337 3367 Κ
1361 3309 1435 3370 254.

412 3411 512 3470 θεοῦ
534 3407 639 3491 κάρα
662 3407 744 3490 δῶρα
767 3404 911 3489 φέρουσα.
1313 3411 1341 3469 Τ
1360 3412 1391 3471 3.

413 3507 460 3571 ool
482 3506 516 3573 ti
536 3507 605 3573 θεολ
626 3503 734 3572 τῶνδ’
760 3505 848 3570 ἀντλ
869 3508 956 3590 χάριν
978 3505 1153 3589 monstrato
1176 3508 1265 3571 δοῖεν.
1315 3513 1351 3571 Ψ
1372 3513 1447 3574 650.

412 3623 461 3700 τῷ
481 3607 511 3674 δ’
538 3609 601 3675 rei
627 3612 773 3691 Τυδεΐδης
797 3603 880 3694 ὦρτο.
1309 3615 1345 3672 Η
1367 3614 1440 3676 103.

325 3717 425 3779 liulto
453 3717 563 3779 minus
593 3717 777 3792 frequenter
807 3731 867 3778 neo
903 3717 1013 3778 tamen
1044 3730 1117 3776 raro
1140 3715 1230 3777 nerto
1257 3732 1317 3778 auo
1351 3717 1555 3792 postponitur

280 3819 484 3895 praepositio.
507 3819 568 3879 Ex.
591 3833 638 3893 gr.

413 3914 471 3994 toi
492 3926 590 3992 κακῶς
612 3917 707 3996 ἔλθοι,
728 3913 866 3990 ὀλέσας
892 3913 966 3977 ἅττα
988 3914 1101 3988 ττολντας
1124 3913 1265 4000 ἑταίρους.
1312 3939 1323 3976 ι
1347 3919 1421 3980 534.

411 4009 510 4096 ἦλθε
533 4013 557 4079 θ’
583 4016 645 4079 tori
666 4016 750 4096 ψυχὴ
772 4016 880 4099 μητρὸς
902 4016 1147 4096 κατατεθνηυίης.
1309 4021 1325 4077 λ
1349 4019 1402 4080 34.

322 4217 344 4300 fi
368 4218 439 4286 315.
463 4221 622 4284 Bliormes
645 4221 697 4283 vel
720 4221 820 4282 etiarn
845 4220 1008 4283 triformes
1030 4222 1064 4282 in
1088 4220 1226 4282 diotlone
1249 4219 1340 4297 epioa
1359 4223 1437 4283 sunt
1464 4238 1550 4298 prae·

279 4325 457 4399 positiones
478 4324 660 4385 nonnullae.
684 4322 755 4384 Non
776 4323 915 4384 dioimus
934 4338 1020 4383 nuno
1039 4338 1201 4399 apocopen,
1221 4337 1285 4396 qua
1304 4323 1425 4384 vocalia
1446 4323 1552 4385 linaiis

285 4457 474 4470 unu—u*

315 4535 335 4604 ¹)
352 4541 430 4589 Hiroe
455 4544 551 4603 regulis
576 4541 609 4589 de
633 4542 742 4588 moenio
768 4540 925 4600 ooilooando,
951 4553 1016 4600 qnae
1042 4554 1057 4587 ι
1082 4541 1214 4589 veteribus
1238 4541 1413 4600 summouere
1444 4541 1552 4590 traditas

279 4621 435 4680 rooeplmns,
462 4623 563 4669 tantm
588 4619 710 4681 ponderis
735 4619 845 4679 quisque
869 4618 968 4666 tribnat
990 4620 1115 4679 qnantum
1138 4619 1220 4667 libeat
1241 4619 1299 4680 ipsi.
1323 4619 1403 4670 Nobis
1422 4623 1492 4669 uerte
1508 4622 1570 4674 vir,

280 4698 465 4760 vituperandus
489 4700 607 4748 rideatur
628 4697 712 4748 editor
729 4698 775 4758 qni
792 4698 863 4745 τῶνδ’
882 4697 933 4745 θνα
952 4697 1049 4745 aortbai
1065 4697 1105 4744 vel
1125 4707 1157 4762 τῷ
1175 4699 1198 4746 t'
1219 4699 1264 4746 im.
1280 4697 1348 4748 Nihil
1368 4701 1453 4748 tamen
1471 4699 1496 4746 ln
1514 4714 1551 4762 re,

277 4779 310 4826 ιλο
335 4792 386 4840 qur
410 4781 452 4827 vix
480 4779 620 4841 quidquam
647 4777 716 4840 quot
742 4780 768 4826 et
793 4781 893 4826 eertum
918 4779 945 4826 ot
977 4778 1041 4826 utile
1066 4778 1101 4825 stt
1131 4778 1191 4825 soirt
1217 4791 1294 4839 posse
1319 4777 1430 4840 ridetur,
1457 4793 1552 4827 novare

278 4859 417 4908 volnlmns.

1443 4947 1472 4992 ai
