3848 5688
940 703 981 760 aa
1355 775 1359 784 Ι
1531 704 1603 774 [eu

341 891 424 950 sisse
450 893 470 959 ¹)
500 890 681 965 credamus,
711 889 819 949 obstat
841 891 1070 962 argumentum
1093 888 1260 949 invictum.
1285 888 1408 962 Nempe
1431 890 1459 948 si
1482 890 1603 963 quaeri·

342 1005 416 1050 mus
449 991 502 1050 ubi
533 985 642 1061 Ἰάονες
673 991 756 1064 apud
784 989 964 1050 Homerum
994 994 1298 1066 commemorentur,
1328 991 1479 1052 nonnisi
1503 1007 1602 1050 unum

340 1091 447 1151 locum
483 1091 661 1164 reporimus
698 1104 837 1162 eumque
876 1088 984 1163 procul
1022 1089 1116 1149 dublo
1155 1105 1226 1150 sero
1257 1091 1427 1166 insertum,
1459 1092 1492 1149 N
1521 1092 1602 1166 bam

339 1192 405 1252 illic
435 1193 606 1251 occurrunt
625 1182 734 1262 Ἰάονες
757 1179 954 1268 ἕλκεχίοωνες,’
970 1206 1029 1250 nec
1052 1191 1128 1251 alibi
1153 1205 1291 1264 usquam
1315 1190 1347 1250 in
1372 1193 1472 1252 Iliade
1498 1191 1547 1252 vel
1571 1193 1603 1250 in

341 1291 493 1368 Odyssea.
515 1292 631 1352 Lucida
650 1295 761 1354 autem
781 1291 1015 1352 demonstravit
1036 1291 1151 1365 Halbig
1171 1291 1264 1353 Hom.
1287 1292 1370 1366 linos
1391 1309 1419 1368 p.
1441 1296 1502 1353 lib
1523 1309 1603 1369 sqq„

340 1395 482 1458 alienum
516 1397 556 1456 ab
590 1396 646 1457 illo
678 1395 748 1457 loco
778 1411 850 1456 esse
882 1395 1077 1457 adiectivum
1108 1392 1302 1473 ilxrzlrooeffi
1336 1395 1543 1470 aptissimum
1573 1397 1603 1456 id

341 1515 414 1562 esse
446 1500 486 1561 ad
520 1498 737 1576 depingendos
772 1499 868 1576 viros,
903 1499 1046 1560 seniores
1079 1499 1280 1575 praesertim,
1312 1500 1367 1573 qui
1400 1499 1512 1560 leriato
1538 1499 1603 1560 otio

341 1602 489 1664 truamur
511 1602 657 1664 laetasve
679 1602 741 1662 diis
764 1616 899 1676 pompas
921 1604 1029 1677 agant,
1047 1602 1104 1662 sed
1124 1601 1256 1662 ridicule
1275 1603 1426 1677 applicari
1446 1601 1604 1662 militibus

337 1703 392 1776 qui
423 1703 534 1764 hostes
556 1703 717 1763 irruentes
740 1701 893 1777 repellere
918 1704 1082 1763 conentur.
1107 1701 1244 1762 Multum
1268 1702 1366 1776 igitur
1388 1703 1480 1762 abest
1504 1704 1603 1761 ulex

338 1802 398 1864 lroc
420 1818 517 1864 versu
541 1803 623 1864 ellici
643 1805 746 1879 possit
765 1803 860 1892 quale
879 1819 996 1864 nomen
1016 1803 1163 1863 habuerit
1182 1818 1262 1876 gene
1284 1804 1393 1864 Ionica
1411 1805 1445 1863 in
1466 1803 1605 1863 vetustis
1685 1819 1688 1825 ·

339 1905 537 1966 carminibus
568 1905 683 1981 epicis;
716 1905 800 1966 hunc
831 1907 917 1966 certe
941 1905 1046 1965 locum
1071 1904 1264 1965 recentiores
1287 1907 1400 1980 poetae
1424 1920 1486 1964 non
1509 1903 1604 1963 tradi·

337 2009 410 2067 tum
433 2007 625 2081 acceperunt
647 2022 688 2067 ox
711 2007 799 2082 poesi
824 2007 1062 2082 antiquissima,
1086 2006 1187 2066 immo
1214 2007 1320 2081 ipsum
1348 2022 1466 2067 nomeu
1489 2005 1602 2065 Ionum

339 2111 388 2179 (ut
420 2108 558 2169 Aeolum
593 2111 626 2168 et
661 2108 876 2176 Doriensium)
911 2109 951 2168 ab
982 2107 1038 2167 illa
1070 2109 1158 2181 poesi
1189 2107 1331 2168 alienum
1352 2109 1452 2168 luisse
1477 2110 1603 2167 tantum

339 2224 403 2269 non
438 2212 563 2270 certum
595 2212 656 2270 eet.
688 2209 857 2270 Undenam
882 2209 979 2281 igitur
1008 2205 1187 2285 ἑλκεχίτωνες
1209 2209 1265 2268 isti
1283 2200 1393 2278 Ἰάονες
1412 2210 1445 2268 in
1468 2208 1603 2268 Iliadem

279 2381 283 2392 ¹
339 2325 414 2370 oum
448 2311 567 2370 tunicis
597 2311 666 2368 suls
697 2309 802 2369 solum
836 2309 1038 2368 verrentibus
1065 2309 1293 2383 intempestive
1316 2323 1352 2368 se
1375 2308 1603 2368 contulerunt?

338 2409 476 2470 Indicari
511 2411 619 2483 potest
653 2409 744 2469 locus
774 2408 828 2468 ubl
859 2409 1028 2482 aptissime
1059 2409 1363 2483 commemorantur,
1395 2409 1468 2468 inde
1492 2410 1603 2466 autem

338 2512 559 2570 transeumtoe
589 2523 662 2570 esee
693 2509 725 2568 ln
758 2509 868 2569 iliadis
899 2508 1005 2569 locum
1029 2524 1126 2582 quem
1149 2509 1300 2584 vidimus,
1324 2510 1408 2569 baud
1432 2509 1513 2567 levis
1537 2521 1603 2581 pro·

339 2610 423 2671 lecto
446 2612 497 2671 est
520 2608 676 2686 susplclo;
701 2624 818 2684 nempe
840 2610 991 2670 novimus
1014 2625 1144 2670 versus:

599 2707 672 2768 balb
694 2708 732 2768 σὺ
756 2708 854 2794 Δήλῳ,
878 2709 980 2789 Φοῖβε,
1001 2704 1109 2787 μάλιστ’
1137 2706 1301 2788 ἐπιτέρπεαι
1324 2700 1402 2786 ἦτορ·

598 2808 674 2870 ἔνθα
696 2831 741 2869 τοι
764 2807 944 2890 ἑλκεχίτωνες
962 2805 1072 2882 Ἰάονες
1096 2807 1288 2890 ἠγερέθονται

598 2909 684 2972 αὐτοὶ
706 2911 763 2972 σὺν
785 2911 921 2972 παίδεσσι
944 2909 995 2972 καὶ
1017 2907 1148 2996 αἰδοίῃσ’
1174 2909 1315 2990 ἀλόχοισι,

338 3029 483 3090 quaeque
502 3017 681 3087 sequuntur
701 3013 740 3074 de
759 3012 844 3074 ludle
864 3013 1001 3074 Deliacis
1013 3016 1046 3084 ι).
1068 3012 1155 3074 Haec
1167 3014 1222 3074 ubi
1235 3014 1410 3086 leguntur?
1422 3013 1460 3073 In
1473 3013 1603 3086 Hymno

339 3117 497 3192 Apollinis
530 3113 612 3175 Delli
648 3118 707 3187 (vs.
745 3116 807 3175 146
842 3119 934 3191 squ),
972 3115 1026 3188 qui
1061 3116 1259 3190 compositus
1293 3116 1344 3175 eet
1381 3115 1414 3174 in
1450 3115 1604 3174 honorem

338 3217 483 3278 numinis
512 3216 621 3278 Ionlcl.
647 3215 726 3292 Quis
748 3231 863 3278 versus
886 3217 987 3278 lecit?
1009 3217 1138 3278 lonicus
1161 3217 1301 3291 prolecto
1324 3219 1436 3290 poeta;
1458 3217 1526 3291 ipse
1550 3215 1604 3274 ille

338 3319 533 3395 Gynaetbus
568 3334 665 3391 quem
701 3318 831 3379 Fickiue
864 3323 1009 3380 carmina
1043 3319 1215 3380 Homerica
1249 3334 1289 3379 ex
1325 3319 1464 3378 Aeolicis
1496 3319 1604 3377 Ionica

338 3420 452 3481 iecisse
482 3420 643 3495 autumat,
675 3418 788 3491 hymni
816 3421 928 3480 auctor
951 3435 1023 3480 esse
1048 3420 1158 3480 iertur.
1184 3419 1246 3479 Gur
1269 3419 1368 3492 igitur
1389 3421 1485 3492 poeta
1508 3419 1605 3477 huius

337 3520 491 3580 carminis
519 3534 597 3580 suos
627 3520 716 3580 cives
747 3533 811 3580 non
832 3517 936 3591 Ἴωνος
958 3521 1142 3597 appellarit,
1167 3523 1196 3580 si
1220 3522 1267 3580 ita
1290 3523 1401 3579 tamen
1425 3519 1607 3579 dicerentur

339 3619 480 3694 olimque
503 3621 580 3680 dlctl
603 3623 723 3696 essent,
746 3619 803 3680 sed
824 3613 940 3692 Ἰάονας
951 3621 998 3690 ³)?
1030 3621 1135 3681 Immo
1159 3622 1211 3680 lric
1234 3619 1324 3680 locus
1347 3620 1439 3679 docet
1463 3618 1605 3678 ionicam

338 3723 470 3796 gentem
503 3720 675 3794 aliquando
709 3735 745 3782 se
779 3721 866 3796 ipsos
902 3735 1034 3783 vocasse
1065 3715 1180 3792 Ἰάονας
1214 3725 1283 3791 (aut
1316 3720 1345 3779 si
1377 3719 1450 3792 quis
1480 3717 1607 3779 mavult

336 3815 473 3900 Ἰἠονος),
498 3825 610 3899 postea
633 3821 765 3884 demum
783 3819 889 3894 Ἴωνος
912 3837 984 3883 esse
1007 3823 1195 3898 appellatos.

376 4076 396 4144 1)
415 4079 482 4136 „Der
506 4079 610 4140 eploobo
628 4091 702 4126 numa
719 4079 765 4126 der
782 4078 867 4127 Iouier
886 4079 967 4126 selbot
985 4079 1046 4126 llere
1062 4079 1118 4126 nich
1136 4080 1207 4129 ulobl
1222 4080 1352 4140 lonleiron,
1370 4080 1427 4127 rreil
1444 4079 1490 4127 dee
1507 4077 1605 4126 ultinii-

342 4159 419 4216 .eobe
433 4158 519 4211 'idom
535 4156 581 4204 der
597 4157 729 4204 ioulaoban
747 4158 905 4204 aamaulorm
918 4157 998 4211 'lum
1014 4158 1137 4205 metrlsob
1154 4159 1225 4205 nicht
1249 4159 1416 4220 antapriobt¹¹
1434 4157 1496 4204 Fiok
1516 4157 1607 4216 odyn.

343 4251 369 4300 p.
389 4239 427 4286 Π.

372 4312 395 4382 ¹)
413 4315 451 4364 ol.
472 4315 525 4362 bell
543 4327 633 4362 renue
649 4314 734 4361 mutili
751 4313 820 4374 apud
838 4314 996 4362 Athenaeum
1014 4313 1062 4361 ΧΗ
1080 4328 1104 4375 p.
1123 4315 1195 4378 blbf
1207 4315 1287 4370 allati,
1302 4316 1327 4362 in
1343 4315 1438 4374 quibus
1454 4313 1608 4360 describitur

341 4395 425 4442 leatus
440 4395 466 4440 ln
483 4393 607 4442 bonorem
625 4392 731 4440 lenonio
748 4391 816 4440 siml
834 4393 867 4439 ab
884 4391 990 4440 Ionibus
1007 4393 1160 4440 celebratus.

373 4470 395 4540 Ι)
412 4472 488 4522 aaut
513 4484 605 4520 nomeu
626 4471 716 4526 'idom
733 4471 758 4518 ir.
776 4471 858 4530 Apoll.
877 4483 913 4518 ru.
933 4473 987 4518 ibt.
1006 4473 1048 4519 bilo
1068 4472 1144 4518 etium
1162 4471 1239 4518 Bolon
1257 4473 1282 4518 in
1302 4473 1445 4530 fragrneuto
1464 4485 1545 4531 nuper
1564 4470 1607 4517 do·

341 4558 410 4602 teoto
427 4553 541 4610 (lnam
560 4549 651 4598 Athon.
670 4549 744 4597 olvit
763 4561 785 4595 o.
805 4545 844 4612 b)=

740 4631 900 4692 πρυμνήτην
917 4631 1002 4693 Μαρῶν
1019 4639 1086 4688 yudur
1103 4631 1212 4684 'lucrina

342 4711 431 4772 Neque
447 4709 530 4758 eliens
547 4708 607 4757 biuo
624 4707 742 4755 videnlur
758 4707 944 4768 Aristophaneo
961 4707 1006 4754 illa
1021 4711 1119 4756 'mono
1134 4708 1243 4756 debaro.
1258 4721 1294 4756 re.
1311 4709 1367 4764 llil,
1377 4703 1472 4762 Ὶιὶοοος
1489 4721 1525 4755 rs.
1546 4709 1591 4756 lll'l
1600 4719 1607 4764 ;

343 4790 410 4838 unde
427 4789 494 4838 enlm
513 4787 600 4838 Persio
617 4785 681 4834 liaeo
699 4786 808 4834 nominis
827 4787 907 4834 loram
925 4787 974 4834 olel
992 4801 1024 4834 ox
1043 4789 1124 4848 ipatus
1141 4789 1225 4848 gentio
1243 4787 1304 4834 orei
