3934 5706
263 757 281 829 i
305 759 359 832 40]
866 759 927 822 147

263 945 498 1020 producendam
542 945 656 1006 multis
696 945 775 1006 locis
816 946 906 1007 solus
943 945 1093 1022 sulilciat,
1128 944 1204 1006 ellbl
1242 945 1426 1021 frequenter
1459 960 1531 1008 esse

264 1045 448 1118 neglectum
483 1045 553 1105 sine
587 1045 654 1105 ulla
687 1045 882 1107 necessitate
912 1045 1057 1107 metrica.
1093 1045 1176 1106 Nam
1210 1047 1279 1109 toto
1310 1047 1398 1109 coelo
1432 1047 1533 1109 distat

264 1149 410 1221 correpta
431 1145 557 1219 syllaba
586 1160 668 1219 qnae
692 1161 805 1206 vocem
831 1135 991 1217 Ζάκυνθος
1013 1147 1184 1223 praecedit,
1210 1146 1261 1208 vel
1284 1148 1410 1222 syllaba
1427 1148 1533 1222 prima

264 1247 405 1306 nominis
436 1243 603 1325 Ἀφροδίτη,
633 1260 653 1305 a
685 1246 832 1306 versibus
863 1246 977 1320 quales
1007 1246 1112 1308 forent
1142 1243 1175 1307 ib
1208 1241 1237 1304 t’
1267 1241 1388 1307 faiand’
1415 1243 1533 1306 ἱκέσθαι

265 1349 298 1407 et
328 1344 406 1418 ὅστις
437 1343 526 1406 σέθεν
557 1343 659 1407 ἀντίον
681 1346 782 1429 islep.
806 1349 843 1407 In
867 1347 1005 1408 Hartelii
1028 1349 1227 1409 sententiam
1251 1349 1387 1409 libenter
1409 1349 1533 1408 iremus

264 1446 293 1505 si
325 1446 510 1507 huiusmodi
544 1447 675 1507 licentia
710 1447 847 1508 metrica
881 1463 952 1508 raro
986 1449 1276 1522 deprehenderetur
1307 1464 1367 1509 nec
1400 1449 1464 1509 nisi
1499 1448 1533 1507 in

264 1547 374 1620 paucls
405 1547 598 1620 quibusdam
631 1547 796 1607 vocabulis
828 1548 862 1607 et
887 1547 1016 1622 propter
1039 1549 1146 1608 certas
1168 1549 1294 1622 aliquas
1320 1563 1454 1624 causam
1479 1549 1531 1609 du·

263 1647 362 1722 plices
392 1646 507 1708 talium
540 1648 767 1716 vocabulorum
799 1648 921 1709 formas
945 1648 1095 1710 extitisse
1118 1651 1196 1712 tunc
1219 1650 1433 1729 crederemus,
1458 1666 1531 1726 qua·

264 1766 335 1811 rum
367 1750 469 1812 altera
500 1767 612 1812 veram
636 1767 813 1813 consonam
835 1751 868 1813 in
892 1752 995 1814 fronte
1019 1751 1179 1829 habuerit,
1202 1753 1305 1814 altera
1327 1754 1384 1814 ant
1407 1753 1531 1816 nullam

264 1855 320 1914 aut
345 1855 493 1914 umbram
517 1854 660 1928 aliquam
684 1870 852 1931 consonae,
876 1870 959 1928 quae
984 1854 1039 1915 vix
1061 1855 1277 1930 perciperetur
1301 1871 1404 1930 neque
1427 1855 1530 1918 allice·

264 1958 314 2016 ret
348 1972 501 2018 versuum
533 1971 696 2018 numeros.
728 1959 779 2018 lta
809 1957 838 2018 si
868 1973 904 2020 se
934 1959 1067 2019 haberet
1097 1973 1159 2035 res,
1191 1957 1223 2019 ld
1254 1972 1355 2018 unum
1387 1961 1535 2020 maneret

264 2056 423 2119 incertum
454 2060 563 2119 utrum
595 2058 775 2119 omittenda
806 2059 894 2120 esset
925 2058 982 2120 illa
1005 2074 1146 2121 consona
1169 2059 1249 2121 locis
1273 2058 1327 2119 ubi
1350 2057 1441 2119 nulla
1463 2059 1534 2120 eius

265 2159 315 2220 vis
349 2161 491 2237 apparet,
523 2175 564 2220 an
594 2159 696 2221 oculis
727 2159 771 2221 lbi
802 2176 928 2235 quoque
958 2163 1047 2223 esset
1069 2161 1276 2223 ostendenda.
1300 2159 1345 2222 m
1366 2176 1431 2222 non
1454 2160 1534 2222 haec

265 2264 316 2322 cst
338 2263 537 2337 quaestionis
560 2262 718 2336 condicio;
743 2278 821 2323 nam
845 2263 940 2324 modo
963 2261 1003 2324 ab
1026 2264 1097 2339 hoc,
1121 2264 1216 2325 modo
1239 2264 1279 2324 ab
1304 2263 1358 2324 illo
1379 2263 1534 2325 vocabulo

267 2363 436 2426 Homerico
467 2363 633 2438 digamma
656 2364 759 2441 abest,
783 2378 887 2437 neque
909 2365 942 2425 in
966 2365 1197 2426 recentioribus
1219 2365 1349 2428 tanturn
1372 2366 1453 2428 locis
1478 2367 1534 2428 sed

265 2466 296 2525 in
326 2466 555 2540 antiquissima
586 2481 712 2540 quaque
742 2465 853 2526 Iliadis
885 2465 935 2528 vel
965 2466 1130 2541 Odysseae
1153 2469 1244 2542 parte
1267 2468 1319 2529 hic
1340 2469 1408 2530 illic
1430 2469 1533 2543 negle-

265 2568 360 2640 gitur.
398 2568 484 2645 Quae
520 2583 594 2629 cum
629 2570 829 2644 reputamus,
865 2568 1095 2646 intellegimus,
1126 2568 1214 2631 locos
1245 2569 1444 2646 Homericos,
1479 2570 1534 2631 ubi

264 2669 397 2731 initialia
428 2685 569 2732 consona
596 2670 754 2731 rariorum
779 2671 979 2743 quarundam
1004 2686 1120 2732 vocum
1145 2672 1250 2731 metro
1273 2673 1406 2744 cogente
1430 2672 1534 2745 negle-

263 2772 359 2849 gitur,
391 2788 455 2834 non
484 2787 579 2849 posse
610 2773 692 2833 satis
723 2774 797 2847 apte
827 2772 974 2846 componi
1005 2787 1080 2833 cum
1111 2771 1261 2832 versibus
1291 2771 1345 2832 ubl
1372 2770 1536 2832 intercidit

264 2875 385 2934 ant-
410 2873 439 2934 si
469 2873 542 2946 quis
574 2873 620 2934 ita
651 2873 737 2947 loqui
768 2873 895 2934 mavult
919 2906 959 2917 —-
983 2888 1039 2948 pro
1070 2873 1169 2934 nihilo
1201 2871 1337 2933 hebetur
1368 2871 1534 2945 digamma

265 2974 409 3036 vocabuli
442 2974 541 3048 levet
575 2975 626 3036 vel
660 2975 859 3050 pronominis
888 2972 945 3046 fig
979 2973 1201 3047 similiumque
1237 2988 1364 3049 vocum,
1399 2975 1531 3034 centum

265 3077 339 3136 aliis
361 3077 441 3138 locis
464 3077 646 3138 Homericis
669 3077 835 3150 digamma
858 3076 1058 3136 habentium.

307 3176 340 3236 Si
361 3192 474 3238 verum
492 3176 628 3237 vidisset
648 3192 709 3237 von
723 3176 846 3253 Hartel,
867 3175 946 3236 nilril
960 3175 1103 3236 obstaret
1115 3175 1288 3248 quominus
1300 3173 1467 3247 digamma
1480 3189 1537 3250 per

265 3277 370 3337 totum
402 3277 581 3339 Homerum
612 3293 744 3339 summa
773 3276 957 3338 constantia
981 3276 1216 3336 restitueretur.
1241 3275 1274 3335 Si
1298 3276 1424 3335 certum
1447 3277 1536 3336 esset

265 3377 296 3436 id
316 3377 399 3450 quod
419 3378 571 3439 Ludwiclr
583 3379 762 3438 Aristarch.
783 3378 814 3437 ΙΙ
826 3392 855 3451 p.
871 3378 935 3437 274
947 3392 1016 3450 sqq.
1038 3391 1157 3450 magna
1178 3389 1255 3436 cura
1275 3375 1534 3436 demonstratum

266 3477 335 3555 ivit,
365 3479 507 3540 rrtottlcm
537 3479 639 3541 ruisse
662 3478 805 3540 litteram
828 3478 860 3554 f,
885 3478 1015 3554 perinde
1040 3479 1136 3552 atque
1160 3477 1267 3552 sigma
1291 3477 1342 3537 vel
1364 3476 1459 3539 labda
1483 3492 1535 3538 vo·

268 3596 342 3642 cum
366 3581 694 3659 σκίδναμαι-κωναμαι,
714 3578 897 3660 reida-stum,
919 3582 953 3642 et
972 3580 1043 3642 sine
1061 3580 1139 3641 vitio
1158 3579 1257 3654 igitur
1276 3593 1296 3639 a
1315 3579 1420 3654 poetis
1441 3579 1536 3640 modo

265 3685 386 3746 servari
420 3686 565 3761 potuisse
597 3685 692 3746 modo
723 3682 842 3760 omitti,
866 3684 1031 3758 digamma
1055 3683 1182 3759 appingi
1205 3682 1318 3744 liceret
1340 3681 1373 3742 in
1396 3681 1536 3742 editione

266 3786 417 3848 hodierna
440 3787 620 3862 ubicunque
645 3789 715 3850 eius
738 3787 789 3848 vis
813 3803 854 3848 ex
878 3801 1032 3848 versuum
1057 3785 1201 3847 numeris
1222 3785 1417 3861 agnoscitur,
1438 3783 1536 3846 ceteri

266 3888 326 3952 loci
360 3907 423 3952 non
459 3892 570 3952 essent
603 3890 807 3952 sollicitandi.
843 3891 904 3979 Sed
938 3891 1088 3951 neutram
1124 3888 1294 3964 rationem,
1325 3887 1537 3962 quantumvis

267 3993 474 4069 simplicitate
515 3996 549 4055 et
590 3993 746 4056 facilitate
782 4009 817 4054 se
851 3993 1145 4070 commendantem,
1181 3991 1263 4054 satis
1298 3991 1368 4051 tuto
1403 3991 1537 4052 secutus

269 4095 363 4158 luerit
404 4096 530 4171 aliquis.
578 4097 624 4158 lix
660 4100 751 4172 parte
785 4097 923 4159 tortasse
960 4096 1143 4158 lnrdwiclrio
1183 4093 1334 4156 assentiri
1370 4093 1536 4170 debemus,

267 4201 348 4262 satis
381 4202 467 4264 enim
500 4203 551 4263 est
580 4201 739 4280 credibile,
783 4201 954 4264 nonnullas
986 4216 1082 4262 voces
1116 4215 1195 4260 aevo
1231 4197 1403 4259 Homerico
1442 4197 1536 4259 vacil-

268 4301 389 4364 lantem
419 4305 569 4365 habuisse
601 4319 775 4366 consonam
806 4305 838 4379 f,
869 4306 901 4364 et
935 4304 1051 4362 harum
1082 4302 1181 4375 igitur
1210 4301 1371 4374 duplicem
1396 4299 1535 4360 sormam

269 4405 345 4465 tunc
368 4405 522 4480 temporis
544 4421 620 4466 cum
643 4407 676 4464 in
699 4420 754 4465 ore
773 4405 943 4465 hominum
968 4400 1167 4463 circumferri
1192 4402 1262 4460 turn
1287 4400 1430 4474 apoetis
1446 4415 1535 4459 usur·

268 4505 336 4579 pari
377 4507 523 4580 coeptam
560 4521 642 4581 esse,
676 4521 703 4566 e.
733 4521 762 4578 g.
797 4501 1015 4584 ἔέρκος-ῗρκος,
1047 4498 1236 4561 hlaiv-tirio
1269 4501 1396 4573 aliaque
1434 4515 1538 4575 pauca

269 4605 452 4667 huiusmodi
476 4604 507 4677 ¹).
539 4607 584 4666 At
615 4607 668 4666 ubi
699 4599 767 4665 olda
790 4621 845 4682 pro
867 4603 959 4664 faida
984 4603 1141 4679 reperitur
1164 4601 1215 4662 vel
1240 4598 1271 4672 ὅς
1293 4615 1350 4676 pro
1372 4599 1439 4678 fig,
1461 4597 1536 4672 ἅναξ

302 4848 322 4915 Ι)
340 4853 482 4900 Prudenter
498 4852 547 4899 lrao
564 4852 598 4900 de
614 4865 642 4900 re
660 4851 802 4914 disputavit
818 4853 907 4900 Homo
924 4851 998 4898 Hom.
1017 4849 1152 4898 Grammar
1169 4847 1183 4908 5
1202 4849 1264 4904 4003
1282 4846 1333 4894 rid.
1356 4846 1434 4894 etlam
1451 4844 1539 4894 Obrist

269 4931 368 4992 Proleg.
387 4932 460 4980 Iliad.
478 4945 504 4994 p.
523 4933 571 4980 158
589 4945 645 4992 sqq.
