4056 5760
312 726 330 796 ὅ
357 725 434 798 226]
914 725 978 787 468

309 929 446 990 persona
487 914 570 988 sing.
609 913 789 988 praesentis
820 914 855 973 st
882 913 1062 987 imperfecti
1104 912 1139 972 in
1169 914 1263 974 textu
1303 913 1422 974 tradito
1457 910 1580 988 passim

311 1014 395 1075 inter
428 1029 465 1074 ee
499 1016 578 1074 sunt
607 1014 820 1089 permutatae,
853 1013 916 1074 vid.
949 1013 995 1074 La
1024 1013 1132 1074 Roobe
1155 1013 1338 1075 'iextirritiir
1362 1029 1393 1089 p.
1421 1015 1580 1088 104197,

311 1117 503 1192 quapropter
534 1117 683 1176 nostrum
712 1117 765 1176 est
793 1115 937 1176 statuere
969 1115 1080 1176 utrum
1103 1115 1241 1190 singuiis
1264 1115 1344 1178 locis
1368 1111 1474 1194 froya,
1497 1114 1580 1189 quod

311 1217 491 1292 imperfecti
514 1221 575 1293 est,
599 1218 643 1278 sit
666 1217 872 1278 scribendum
894 1231 936 1276 an
959 1211 1077 1294 ἀνώγει,
1099 1232 1181 1290 quae
1200 1217 1382 1291 praesentis
1399 1218 1450 1278 est
1467 1217 1580 1277 forma.

311 1318 400 1379 Solet
423 1321 534 1378 autem
558 1317 746 1392 imperfecto
768 1313 888 1396 ἤνωγον
909 1317 980 1377 eive
1003 1311 1122 1394 ἄνωγον
1144 1317 1193 1388 (ut
1221 1316 1424 1390 imperfectis
1447 1312 1526 1393 ἔφην
1550 1320 1583 1377 et

311 1414 456 1486 ἐκέλευον)
479 1417 586 1478 ambli
610 1417 707 1478 tribui
731 1416 792 1477 vis.

355 1516 476 1578 Verum
504 1517 583 1578 olim
606 1517 769 1592 perspexit
794 1517 828 1576 P.
852 1515 986 1593 Knigbt,
1009 1515 1102 1576 ouius
1124 1516 1308 1590 opinionem
1340 1530 1425 1576 nuno
1454 1517 1582 1591 egregie

311 1619 503 1680 confirmant
536 1617 771 1694 inscriptiones,
807 1631 890 1691 quae
924 1616 1039 1678 docent
1072 1617 1284 1691 praeteritum
1320 1611 1440 1698 ἤνωγον
1481 1617 1582 1678 etiam

311 1722 406 1783 extra
437 1721 617 1782 Homerum
652 1719 786 1795 vixisse,
820 1718 882 1780 vid.
915 1718 1088 1780 notissima
1115 1718 1281 1794 inscriptio
1318 1717 1434 1794 prria
1467 1719 1581 1782 collita

312 1829 354 1885 iiii
378 1825 419 1883 A²
438 1818 617 1900 ‘Histania
640 1819 758 1901 ἄνωγον
777 1815 932 1882 Ὀνᾶσιδον
955 1823 1016 1884 etc·
1040 1824 1073 1882 04
1093 1820 1169 1883 GIG.
1196 1821 1281 1882 2907
1294 1821 1453 1883 Ξ11811481
1475 1823 1580 1899 Epigr.

314 1928 390 1987 774Β
412 1923 532 2005 ἤνωγον
554 1926 588 1986 1η
611 1926 722 1985 statua
744 1924 785 1985 ab
808 1922 939 1985 homine
964 1923 1078 1999 Cyprio
1100 1925 1218 1985 erecta.

356 2028 394 2088 In
425 2027 491 2087 arra
520 2027 631 2088 omnia
660 2026 741 2086 auur
764 2024 872 2086 oense
903 2025 936 2084 in
963 2023 1202 2099 prolegomenis
1230 2023 1341 2085 iliadis
1364 2039 1394 2099 p.
1421 2007 1504 2103 1'14,
1528 2027 1583 2099 qur

313 2129 383 2190 sola
405 2129 584 2204 perfectum
608 2130 643 2189 et
664 2126 1017 2202 plusquamperfectum
1039 2117 1179 2199 genuina
1202 2127 1236 2186 et
1258 2126 1390 2186 vetusta
1413 2141 1485 2187 esse
1513 2142 1583 2188 con·

313 2229 417 2290 tendit
447 2227 480 2304 ¹),
516 2229 579 2289 vid.
615 2229 715 2289 etiam
749 2227 870 2288 iiekier
904 2243 961 2288 zur
995 2226 1133 2301 Biidung
1173 2226 1230 2288 des
1264 2226 1383 2300 griech.
1423 2227 1583 2289 Verbums

312 2331 432 2404 Dorpat
465 2329 548 2391 1887
583 2345 613 2404 p.
639 2328 681 2388 48
705 2343 792 2402 sqq.;
817 2327 953 2389 eandem
976 2329 1086 2388 autem
1110 2327 1192 2387 mibi
1218 2341 1344 2401 quoque
1366 2326 1446 2388 oiim
1468 2329 1582 2390 subna-

313 2434 381 2491 tam
405 2446 478 2492 esse
502 2431 721 2506 suspicionem
740 2429 793 2489 bic
812 2430 1003 2490 observasse
1022 2443 1085 2489 non
1108 2427 1167 2488 abs
1186 2442 1222 2489 re
1242 2428 1386 2503 videtum
1406 2444 1492 2490 nunc
1508 2446 1584 2492 vero

315 2530 438 2604 gaudeo
472 2545 526 2590 ms
556 2544 639 2602 quae
669 2528 827 2590 eadere
851 2529 969 2603 scripto
993 2527 1184 2587 mandaram
1214 2540 1278 2586 non
1301 2527 1483 2608 evulgasse,
1505 2545 1584 2590 narn

316 2630 421 2691 delere
444 2629 521 2690 licet
543 2644 627 2702 quae
645 2643 709 2688 non
729 2627 876 2702 edideris,
896 2626 1057 2687 reicienda
1075 2627 1187 2686 autem
1207 2627 1258 2686 est
1277 2641 1316 2686 ea
1334 2628 1439 2701 opinio
1457 2631 1586 2704 propter

317 2728 454 2788 nimiam
485 2743 640 2789 versuum
672 2727 927 2800 obstrepentium
961 2725 1192 2787 abundantiam
1217 2726 1257 2796 (Ε
1280 2727 1343 2787 805
1372 2728 1391 2785 I
1412 2729 1476 2788 578
1499 2750 1518 2806 γ
1542 2731 1584 2790 85

317 2849 330 2887 ε
354 2831 417 2890 270
442 2829 544 2900 1216
568 2829 582 2901 ξ
607 2829 682 2904 887,
707 2831 769 2891 471
794 2851 810 2888 ο
835 2830 876 2890 07
898 2828 974 2890 Hes.
995 2827 1087 2902 Oper.
1108 2828 1161 2899 68)
1181 2829 1214 2888 et
1234 2827 1376 2904 lapidum
1397 2831 1586 2894 testimonia

318 2931 413 2991 modo
443 2929 553 3005 allata,
583 2945 643 2991 neo
672 2945 737 2992 non
768 2946 840 2991 eam
864 2930 1053 2992 dissuadent
1076 2931 1199 2991 formae
1221 2929 1357 3005 optativi
1379 2933 1431 3002 (ci.
1455 2933 1473 3004 5
1499 2935 1584 3012 159),

319 3032 429 3108 futuri,
454 3032 567 3092 aoristi
591 3031 792 3092 Homericae.

359 3135 463 3210 Quam
496 3148 571 3194 vero
602 3147 701 3208 supra
731 3133 803 3194 dedi
834 3147 942 3193 rerum
969 3132 1215 3210 expositionem,
1243 3133 1273 3194 ei
1292 3148 1454 3206 nusquam
1474 3151 1584 3212 repug-

313 3238 371 3296 nat
400 3239 544 3296 metrum
575 3235 639 3296 nisi
670 3235 740 3296 ioco
770 3236 880 3310 aperte
908 3236 1057 3309 corrupto
1080 3249 1098 3293 σ
1121 3235 1197 3310 409,
1219 3235 1275 3297 ubi
1298 3230 1394 3314 ἄνωγε
1418 3236 1582 3311 imperfec-

314 3337 386 3397 tum
409 3352 482 3398 esse
502 3336 625 3413 nequit,
648 3336 705 3397 sed
728 3351 832 3410 neque
855 3335 986 3411 perfecti
1016 3335 1211 3398 indicativus
1245 3336 1319 3397 ferri
1344 3337 1459 3413 potest,
1482 3339 1583 3412 requi·

316 3439 396 3499 ritur
429 3439 518 3500 enirn
550 3433 661 3520 ἀνώγῃ.
695 3439 733 3499 In
767 3453 864 3500 versu
895 3438 928 3496 a
957 3439 1000 3498 90
1031 3434 1127 3518 ἄνωγε
1157 3438 1331 3512 quominus
1357 3439 1584 3515 imperfectum

315 3541 564 3617 interpretemur
597 3540 676 3601 nihii
712 3541 829 3602 obstat.
863 3541 1005 3614 Denique
1037 3555 1092 3616 pro
1122 3536 1224 3619 δι’νωγα
1254 3542 1288 3602 et
1310 3536 1428 3620 ἄνωγας
1452 3543 1584 3604 rescribi

315 3639 421 3723 ἀνώγω
445 3643 479 3704 et
500 3639 624 3721 ἀνώγεις
646 3657 800 3703 versuum
821 3643 948 3703 numeri
967 3657 1128 3715 nusquam
1149 3657 1213 3704 non
1232 3642 1354 3720 sinunt,
1374 3659 1457 3717 quae
1473 3646 1584 3706 tamen

315 3745 450 3806 audacia
472 3745 555 3804 foret
575 3758 649 3804 oum
673 3759 788 3819 parum
810 3743 950 3819 prudens
964 3777 1002 3788 -
1016 3743 1100 3804 undo
1129 3745 1216 3805 enim
1240 3767 1292 3823 γα
1310 3765 1379 3823 -γος
1398 3745 1586 3821 irrepserint

316 3847 465 3907 formae?
492 3878 533 3890 -
557 3846 629 3905 tum
652 3845 786 3906 inutilis.

360 3947 457 4009 Verbi
479 3946 568 4021 origo
595 3946 770 4020 ignoretur.

360 4132 479 4217 §22ss.
513 4134 604 4215 (δερκ)
639 4131 770 4216 -δὲρκεαι
803 4137 836 4197 h.
869 4134 937 4198 Oet.
970 4136 1021 4212 70,
1052 4131 1199 4214 -δέροιεεοο
1230 4137 1260 4194 11
1295 4139 1334 4198 10
1363 4138 1476 4198 uti?
1501 4141 1517 4196 4
1543 4139 1582 4200 18

315 4261 333 4319 ρ
358 4241 433 4312 518,
456 4234 614 4316 δέρκεσθαι
638 4239 756 4313 Pois,
783 4235 958 4314 δερκόμενος
982 4241 1042 4298 etc.
1064 4240 1093 4296 A
1114 4238 1155 4298 88
1179 4239 1252 4314 040,
1282 4239 1406 4312 imperi.
1438 4235 1584 4316 -εδέρκεεο

315 4361 336 4398 o
371 4339 435 4399 885
466 4339 500 4398 (44
529 4338 636 4398 iterat.
664 4331 844 4413 ’δερκέσκετο
876 4357 889 4396 ε
913 4337 965 4412 84,
996 4339 1069 4412 158,
1093 4352 1158 4397 aor.
1182 4334 1309 4413 δδρᾶκον
1332 4339 1391 4397 etc.
1417 4338 1446 4408 (S
1471 4339 1582 4413 lituu,

316 4437 395 4512 perf.
420 4433 540 4515 δέδορκε
564 4439 595 4494 Χ
616 4437 657 4495 85
683 4434 830 4514 δεδορκώς
853 4457 869 4494 τ
892 4438 956 4497 446
980 4434 1014 4505 ¹).

350 4641 371 4710 ¹)
388 4644 427 4692 id
444 4646 471 4692 A
489 4646 537 4693 818
555 4647 673 4696 annotat:
702 4643 836 4704 ,squidem
855 4644 993 4704 ancipitem
1011 4643 1164 4706 scripturam
1182 4645 1277 4693 veteris
1293 4644 1452 4694 litteraturae
1469 4647 1585 4694 Aifoi’ii

315 4725 351 4772 ita
370 4726 527 4788 transcripsi,
544 4729 574 4773 nt
588 4725 661 4785 ἄνωγε
681 4724 824 4786 praesentis
840 4725 946 4786 ubique,
961 4726 1043 4785 ἀνώγοι
1061 4725 1193 4787 praeteriti
1211 4725 1262 4772 vim
1279 4724 1411 4774 irairorot.”

349 4800 445 4869 ἥδοι’.
471 4819 538 4867 pm.
564 4806 655 4870 δρακείς
678 4805 752 4854 Pind.
778 4803 851 4866 Pyih.
877 4806 903 4853 ΙΙ
926 4807 958 4853 80
980 4807 1052 4855 Nem.
1075 4806 1123 4854 vll
1145 4807 1159 4852 8
1184 4806 1215 4854 fr.
1237 4803 1296 4853 100¹
1312 4807 1374 4862 eio.;
1393 4818 1445 4854 sor.
1465 4805 1583 4872 δδδρχθρν

316 4885 385 4946 opud
405 4886 525 4947 tragicos,
542 4886 636 4947 quibas
654 4886 703 4933 iroo
720 4885 826 4932 verbnm
845 4884 913 4934 idem
931 4887 971 4934 esi
988 4885 1057 4946 qnod
1074 4887 1137 4951 δρᾶν.
