3936 5704
964 1832 992 1905 I.

794 2035 1153 2154 numurus.

384 2543 455 2628 3¹·
491 2547 641 2610 Carmina
673 2546 824 2608 constant
853 2560 895 2606 ex
930 2545 1076 2606 versibus
1107 2545 1177 2607 sive
1208 2546 1409 2620 syllabarum
1433 2543 1607 2608 ordinibus.

340 2649 519 2711 Nonnullae
538 2648 692 2725 syllabae,
716 2663 798 2722 quae
821 2646 951 2722 paribus
973 2647 1155 2708 intervallis
1179 2647 1358 2710 disiunctae
1375 2649 1463 2724 sunt,
1487 2646 1609 2708 maiore

342 2753 430 2813 vocis
463 2751 641 2813 lntentione
673 2750 878 2836 proferuntur
912 2750 946 2809 et
975 2749 1071 2808 icum
1101 2749 1212 2809 babere
1241 2750 1316 2811 hlne
1345 2750 1504 2811 dicuntur.
1540 2748 1609 2808 Has

342 2854 426 2914 inter
448 2853 595 2927 singulae
618 2853 752 2914 binaeve
776 2850 920 2924 syllabae
943 2851 1050 2911 solent
1068 2851 1275 2928 intercedere,
1300 2866 1382 2925 quae
1402 2867 1479 2912 voce
1500 2851 1610 2911 minus

344 2954 431 3014 clara
453 2953 714 3030 pronunciantur.

388 3053 528 3128 Syllaba,
558 3067 641 3126 quae
675 3052 776 3112 letum
812 3051 918 3127 habet,
953 3051 987 3110 iu
1020 3051 1096 3127 arai,
1128 3066 1211 3126 quae
1246 3054 1335 3115 earet
1362 3053 1439 3129 ictu,
1471 3053 1506 3111 in
1538 3051 1612 3111 thesi

345 3155 450 3230 poslta
472 3169 545 3216 usse
568 3153 694 3214 dieitur.

389 3256 563 3318 Pristiuam
595 3255 663 3317 vim
693 3253 874 3316 amiserunt
898 3269 993 3316 voees
1015 3255 1097 3316 arab
1119 3255 1153 3316 et
1175 3255 1273 3316 caua.
1299 3255 1412 3318 Graeci
1435 3257 1523 3318 enlm
1547 3272 1611 3318 me·

345 3359 427 3434 trlcl,
458 3361 495 3419 ut
524 3360 657 3421 uantum
687 3357 852 3418 saltationi
876 3358 1050 3432 cognatum
1074 3372 1146 3419 esse
1169 3357 1358 3436 iudicarent,
1381 3357 1414 3419 in
1437 3359 1536 3435 pedes
1560 3358 1611 3420 vel

345 3459 489 3534 dipodius
530 3464 667 3536 (passus)
707 3458 948 3533 distinguebant
982 3458 1144 3534 sarmium
1179 3460 1277 3534 pedes
1311 3459 1421 3522 autern
1458 3461 1611 3535 quoniam

346 3563 441 3622 modo
472 3561 682 3638 imponuntur
712 3560 780 3622 solo
812 3561 906 3622 modo
937 3559 1103 3636 tolluntur,
1135 3561 1254 3635 singuli
1284 3561 1381 3636 pedes
1412 3564 1540 3625 metrici
1572 3565 1612 3624 ab

347 3663 387 3725 lis
417 3663 642 3724 dividebantur
672 3663 705 3723 in
729 3663 835 3724 thesin
859 3664 957 3738 atque
981 3663 1079 3739 arsin,
1102 3659 1154 3721 τὸν
1176 3661 1253 3722 κάτω
1276 3661 1384 3742 χρόνον
1407 3666 1441 3726 et
1463 3663 1514 3726 τὸν
1538 3662 1612 3741 ἅνω,

346 3768 383 3826 ut
417 3767 558 3842 loquitur
599 3767 823 3827 Aristoxenus,
864 3765 1028 3841 syllabam
1067 3765 1166 3840 igitur
1199 3765 1265 3827 lctu
1296 3766 1496 3846 insignitam,
1530 3784 1612 3844 quae

346 3869 505 3945 profertur
535 3871 613 3931 dum
641 3885 699 3945 pes
726 3869 873 3932 canentis
895 3869 1003 3930 solum
1027 3868 1110 3944 serit,
1137 3868 1168 3928 ln
1195 3868 1278 3929 thesi
1302 3885 1375 3932 esse
1399 3871 1557 3950 dicebant,
1583 3874 1615 3934 in

347 3971 412 4032 arsi
443 3973 554 4034 autern
585 3973 745 4046 syllabam
777 3987 859 4045 quae
883 3987 961 4033 voce
984 3971 1136 4032 debiliore
1160 3970 1353 4045 exprimitur
1376 3973 1453 4035 dum
1476 3989 1534 4049 pes
1558 3977 1615 4037 tol·

347 4075 425 4134 litun
454 4075 564 4135 burno.
596 4073 734 4135 Romani
767 4089 842 4134 vero
872 4073 999 4133 metrici
1023 4071 1187 4132 aduncum
1210 4073 1306 4133 modo
1328 4073 1428 4134 altius
1451 4076 1615 4137 sublatam

348 4175 443 4234 modo
476 4175 701 4235 demisslorem
736 4173 868 4234 uomina
902 4174 989 4233 arsin
1025 4174 1058 4232 et
1092 4172 1200 4233 thesin
1236 4186 1402 4248 perperam
1439 4174 1626 4236 relerentes.

348 4277 458 4336 omnia
483 4275 720 4350 perturbarunt.
745 4273 806 4336 Sed
830 4275 983 4348 quoniam
1007 4274 1106 4335 verba
1125 4274 1235 4335 valent
1258 4291 1330 4352 usu,
1362 4275 1467 4337 satius
1490 4278 1617 4338 uidetur

348 4394 405 4438 eos
427 4378 517 4452 sequi
541 4393 639 4451 quam
663 4377 765 4438 redire
788 4377 828 4438 ad
851 4391 960 4436 veram
986 4376 1101 4436 borum
1124 4375 1293 4437 numinum
1314 4377 1592 4451 significationem.

395 4479 440 4540 Ol.
465 4479 573 4540 Gllrist
595 4477 722 4540 Metrilr²
746 4479 764 4547 5
789 4479 840 4540 71.

395 4683 598 4758 Syllabarum
612 4683 644 4745 in
654 4683 998 4745 versuumyicinorum
1012 4683 1102 4744 exitu
1114 4683 1346 4745 collocatarum
1358 4681 1618 4759 similitudinem,

350 4799 433 4858 quae
462 4785 496 4845 ln
527 4785 615 4860 possi
646 4785 800 4847 hodierna
830 4785 877 4847 lta
907 4787 1022 4860 regnat
1051 4787 1088 4844 ut
1114 4785 1184 4846 elne
1207 4785 1328 4846 talibus
1351 4783 1619 4846 homoeoteleutls

351 4886 438 4946 iusta
460 4887 606 4948 earmina
628 4887 683 4947 vix
708 4888 847 4948 existere
871 4902 966 4962 posse
990 4887 1169 4964 videantur,
1194 4903 1214 4947 a
1237 4889 1382 4949 veterum
1404 4887 1474 4947 arte
1493 4885 1620 4961 poetica

352 4985 490 5049 alienam
522 5005 594 5050 esse
625 4991 708 5052 lnter
735 5005 848 5052 omnes
879 4990 1015 5051 constat.
1041 4991 1195 5050 Attamen
1220 4989 1386 5050 dubitatur
1408 5005 1449 5050 an
1473 4989 1505 5048 in
1531 4988 1621 5064 epira

1503 5097 1514 5141 1
