3848 5688
918 710 958 769 22

392 896 481 956 ἴθυσε
503 896 581 974 μάχη
604 897 719 956 πεδίοιο
743 899 767 956 Ζ
792 899 822 959 2.

393 996 454 1076 τρ1ς
477 995 599 1058 ἕκαστον
623 996 712 1059 ἀῦσαι
736 1021 747 1058 ι
771 1001 812 1059 65
838 999 1032 1072 (neglectum
1056 1002 1108 1058 esi
1129 999 1316 1073 digamma).

350 1100 397 1159 lix
427 1100 468 1159 iis
499 1115 581 1173 quae
612 1102 822 1174 exposuimus
853 1106 986 1175 apparet
1016 1099 1110 1158 aliter
1132 1100 1171 1159 de
1194 1101 1254 1159 hac
1276 1099 1407 1159 licentia
1432 1097 1568 1157 metrica

304 1216 377 1261 esse
407 1200 612 1261 iudicandum
645 1215 742 1273 quam
775 1201 851 1261 iecit
881 1201 1055 1259 Hoffmann
1087 1199 1216 1274 Quaest.
1249 1200 1343 1259 Hom.
1376 1213 1405 1272 p.
1438 1201 1480 1259 25
1508 1213 1567 1272 sq,

305 1315 402 1372 quem
425 1305 558 1360 secutus
580 1299 689 1359 llonro
712 1300 864 1359 Homeric
887 1296 1066 1358 Grammar'
1093 1314 1122 1372 p.
1149 1300 1210 1358 271
1232 1313 1279 1370 sq.
1304 1313 1472 1358 caesuram
1496 1301 1569 1371 post

305 1402 456 1473 quartum
481 1401 669 1460 trochaeum
693 1413 880 1459 concessam
904 1413 975 1458 esse
1003 1398 1081 1458 dicit

353 1500 416 1576 ,lli
440 1501 468 1561 si
492 1502 625 1562 accedat
648 1515 784 1562 caesura
805 1503 878 1576 post
900 1501 987 1560 arsin
1012 1499 1102 1575 pedis
1125 1501 1238 1576 quinti,
1263 1515 1291 1560 e.
1314 1515 1364 1573 g.:

419 1600 531 1679 ,aalide
554 1596 582 1662 δ’
607 1595 651 1680 ἄρ’
677 1599 754 1661 ἔνθα
776 1598 826 1660 καί
848 1595 909 1661 ἕνθ’
937 1591 1056 1684 woden
1069 1598 1146 1679 μάχη
1167 1598 1173 1676 Ι
1191 1599 1305 1659 πεδίοιο
1329 1603 1365 1670 (Ζ
1389 1602 1437 1675 2);

353 1703 417 1781 ,all
440 1706 468 1764 si
492 1704 663 1780 praecedat
686 1718 749 1763 vox
772 1703 921 1764 enclitloa
943 1703 1071 1763 aliudve
1095 1703 1366 1777 monosyllabum,
1391 1701 1492 1762 veluti
1515 1696 1568 1777 μέν

420 1807 496 1882 ,aut
518 1802 567 1880 di;
592 1821 680 1878 e.g.:

421 1906 491 1984 ,acl
510 1928 562 1966 κεν
584 1901 659 1966 τοῦτ’
685 1903 816 1984 ἐθέλοιμι
839 1905 910 1978 Διός
931 1903 937 1984 Ι
955 1927 995 1985 γε
1014 1898 1034 1992 ΙΙ
1055 1905 1189 1977 διδόντος
1213 1901 1339 1982 ἆρίσθαι
1364 1911 1393 1976 (n
1419 1906 1513 1978 3il0);

354 2010 417 2084 ,ab
440 2009 469 2070 si
492 2013 588 2071 exeat
612 2025 725 2072 versus
749 2010 781 2070 in
811 2011 1000 2071 vocabulum
1025 2013 1165 2086 utrinque
1188 2008 1405 2085 syliabarum
1430 2025 1458 2068 e.
1482 2023 1530 2082 g.:

422 2109 533 2190 ,αὐτὰρ
556 2107 573 2172 ὃ
597 2119 709 2189 μοῦνος
732 2109 784 2191 ἔην
807 2109 878 2191 μετὰ
900 2109 985 2174 πέντε
998 2105 1222 2200 ΙΙκασιγνήτῃσε
1257 2114 1296 2184 (Κ
1321 2113 1413 2185 317);

311 2213 497 2289 ,rarissima
520 2215 630 2275 autem
654 2217 706 2276 est
727 2215 784 2276 illa
807 2216 987 2278 hexametri
1010 2217 1114 2278 forma
1137 2230 1235 2289 quam
1259 2215 1354 2275 tertio
1380 2213 1448 2273 loco
1468 2213 1570 2288 posui·

311 2329 416 2389 ,mus,
439 2314 525 2374 haud
547 2316 766 2388 infrequentes
789 2332 864 2377 vero
887 2321 964 2377 sunt
987 2334 1102 2379 versus
1125 2318 1179 2390 qui
1202 2317 1236 2375 at
1258 2315 1381 2390 primae
1405 2315 1438 2372 ei
1461 2328 1569 2374 secun·

310 2415 388 2489 ,dae
412 2415 594 2488 categoriae
617 2417 694 2475 sunt
716 2418 923 2491 accensendi;
949 2435 976 2479 e.
1001 2434 1050 2494 a:

296 2585 298 2590 Ι
421 2509 551 2593 1,Θερσῖί
576 2511 769 2594 ἀκριτόμυθε,
791 2518 874 2597 λιγύς
894 2511 1091 2603 {caputiari
1111 2515 1282 2597 lapsantis
1318 2518 1354 2586 (Β
1378 2516 1484 2584 246)·”

350 2614 479 2675 Nullius
511 2616 604 2690 pretii
639 2617 699 2676 hae
730 2620 807 2677 sunt
835 2619 923 2691 leges
947 2616 986 2694 ¹);
1018 2621 1159 2679 vidimus
1189 2619 1276 2679 enim
1303 2630 1473 2676 caesuram
1497 2615 1570 2687 posi

308 2717 461 2787 quamam
485 2716 673 2776 trochaeum
697 2717 811 2777 multis
833 2718 914 2779 locis
937 2720 1043 2794 specie
1067 2721 1194 2780 tantum
1220 2720 1342 2793 extare,
1367 2731 1431 2776 non
1454 2715 1572 2790 percipi

307 2815 451 2892 auribus,
475 2817 592 2878 ceteris
615 2818 727 2878 sutem
751 2818 904 2881 vitiosam
928 2836 1010 2883 esse.

351 2992 396 3054 Ut
425 2994 499 3068 post
528 2999 687 3070 potorium,
718 2995 766 3056 ita
789 2997 889 3057 etiam
913 2999 986 3072 post
1002 2999 1148 3072 primam
1172 2997 1329 3072 rmmphm
1353 2995 1499 3068 legitima
1524 2996 1575 3054 esi

309 3109 422 3155 versus
445 3094 562 3155 heroici
585 3111 705 3172 pausa;
731 3113 758 3158 e.
783 3113 832 3172 a:

396 3185 436 3266 ὧς
455 3187 587 3279 ’edrai'
601 3195 772 3278 Hoispoaiop
796 3193 829 3257 ii
851 3198 929 3283 φίλῳ
953 3193 1119 3260 ἐπεπείθεθ’
1148 3197 1259 3283 ἑταίρῳ.
1297 3203 1325 3257 Α
1350 3200 1425 3259 345.

350 3295 419 3357 Hac
448 3311 573 3370 quoqne
604 3299 680 3360 sede
711 3301 893 3361 hexametri
923 3302 1059 3363 libenter
1090 3302 1288 3376 requievisse
1316 3305 1428 3376 poetas
1457 3300 1575 3375 epicos,

304 3413 368 3458 non
402 3400 453 3458 est
487 3400 570 3471 quod
602 3401 775 3473 miremur;
808 3417 885 3462 nam
915 3404 1103 3479 antiquitus
1136 3417 1212 3462 curn
1242 3403 1385 3462 nondum
1411 3403 1444 3460 in
1470 3415 1572 3460 unum

305 3513 437 3559 versum
460 3499 657 3561 coaluissent
680 3501 746 3561 bini
772 3503 920 3563 versiculi
944 3503 1137 3578 paroemiaoi
1161 3503 1245 3563 unde
1270 3503 1459 3562 hexameter
1480 3502 1571 3573 origi·

305 3614 379 3659 nem
411 3599 514 3674 duxit,
545 3602 640 3674 primi
672 3602 761 3676 pedis
793 3603 906 3664 eadem
934 3606 1004 3665 erat
1027 3605 1109 3664 ratio
1133 3608 1230 3676 atque
1253 3605 1369 3675 quarti.
1397 3602 1434 3661 In
1460 3601 1572 3662 carmi·

304 3699 399 3758 nibus
435 3701 546 3760 tamen
577 3701 758 3762 Homericis
790 3703 892 3764 multo
924 3704 1057 3764 minoris
1089 3703 1247 3763 momenti
1278 3706 1329 3761 est
1360 3715 1462 3776 pausa
1494 3714 1575 3772 quae

304 3798 342 3860 iit
372 3801 445 3875 post
475 3801 617 3875 primum
647 3803 812 3877 dactylum
844 3820 942 3879 quam
973 3805 1129 3867 diaeresis
1156 3804 1317 3879 bucolica;
1344 3802 1407 3864 vid.
1433 3817 1514 3876 (puae
1539 3801 1571 3860 in

294 3902 322 3986 ¹5
349 3901 387 3962 lb
412 3902 451 3963 de
472 3902 564 3964 hiatu
588 3907 666 3966 sunt
689 3908 870 3969 observata.

348 4079 440 4140 Aliae
474 4081 562 4154 leges
592 4084 761 4160 quaedam,
793 4085 910 4157 quibus
942 4086 1066 4158 epicam
1100 4085 1211 4160 poesin
1242 4083 1432 4144 obstrictam
1469 4081 1573 4141 teneri

304 4180 435 4241 inerunt
465 4182 520 4278 qul
550 4183 788 4258 contenderent,
821 4185 901 4260 ipsis
931 4185 1127 4246 carminibus
1149 4201 1212 4245 non
1236 4183 1493 4257 comprobantur.
1523 4180 1575 4240 Sic

338 4369 357 4438 ¹)
374 4375 404 4422 In
427 4374 508 4422 altars
523 4387 586 4424 suae
603 4379 785 4436 grammaticas
803 4378 922 4436 editione,
940 4393 1006 4426 anno
1025 4379 1087 4426 lesi
1114 4379 1255 4436 evulgatas,
1272 4379 1310 4424 vir
1327 4376 1352 4423 d.
1370 4376 1460 4423 Moneo
1477 4389 1503 4435 p.
1525 4377 1573 4422 840

303 4467 369 4515 qnae
394 4454 427 4501 do
451 4455 543 4502 sitim
567 4459 651 4515 quarti
675 4457 748 4516 pedis
772 4471 878 4506 esuum
896 4459 921 4505 in
942 4457 1076 4518 prosedesi
1096 4457 1234 4516 scripserat
1252 4458 1351 4502 tantum
1370 4468 1420 4502 non
1436 4456 1573 4500 immutata

301 4533 430 4594 repetivit,
451 4534 522 4580 nulls
539 4536 668 4584 mentione
683 4537 750 4583 isots
765 4536 946 4597 disputationis
961 4549 1011 4596 qna
1027 4535 1189 4582 haecomnia
1204 4535 1393 4581 demonstrasse
1409 4534 1472 4580 mihi
1488 4533 1575 4580 videor

303 4611 329 4658 in
347 4612 512 4672 Mnemosyne
530 4615 594 4660 anni·
609 4615 680 4662 18911.
699 4616 780 4670 Quem
799 4628 857 4662 enm
876 4615 937 4662 alibi
955 4628 1070 4662 meorum
1094 4615 1255 4660 certaminum
1271 4614 1375 4673 saepius
1390 4615 1511 4672 expertus
1528 4612 1576 4658 sim

301 4689 491 4739 neumarum
514 4705 625 4752 aequm
645 4697 723 4754 atqua
749 4695 910 4750 benevolum,
928 4706 979 4741 non
997 4705 1104 4754 possum
1122 4704 1171 4737 non
1192 4691 1317 4750 suspicari
1334 4690 1404 4736 illam
1422 4693 1576 4736 commenta·

304 4769 399 4816 tionem
415 4768 448 4814 ad
464 4770 520 4816 cius
537 4772 653 4819 notitiam
669 4786 718 4820 non
728 4773 1021 4833 parvenisse,spsroqne
1039 4772 1093 4818 lore
1109 4772 1138 4816 nt
1152 4770 1178 4816 in
1193 4773 1324 4829 posterum
1342 4771 1412 4815 osrts
1428 4769 1451 4816 ei
1469 4768 1576 4826 sitisque

305 4845 482 4908 pamnadssm.
