3842 5690
963 777 1024 836 124
1528 775 1557 844 [ἓ
1581 773 1623 833 88

362 959 509 1032 „veteres
539 960 651 1034 poetae
680 957 800 1032 lingere
831 960 995 1035 epitheton
1026 958 1245 1042 ἕνωοσίχθων,
1275 965 1304 1024 sl
1327 965 1432 1024 metro
1460 963 1492 1022 id
1514 975 1623 1036 repug-

361 1058 503 1135 „nabati
533 1060 693 1122 habebant
717 1062 804 1122 enim
836 1077 1054 1138 synonymum
1086 1062 1294 1146 lviflooiyarog
1316 1067 1506 1127 hexametro
1529 1063 1624 1138 aptis·

361 1159 535 1238 ¹„simum”
562 1192 602 1203 —
627 1163 715 1225 Haec
745 1164 856 1226 omnia
884 1166 939 1238 qui
961 1180 1073 1228 secum
1096 1167 1271 1244 perpendit,
1295 1169 1352 1229 aut
1381 1181 1499 1228 manue
1529 1163 1624 1225 absti-

358 1262 481 1324 nendae
500 1279 572 1326 esse
591 1264 746 1327 iudicabit
765 1267 823 1326 aut
840 1261 1005 1346 ἐνοσίγαιος
1024 1271 1057 1330 et
1072 1265 1264 1344 lvocipoiioc
1277 1268 1447 1330 nobiscum
1459 1267 1579 1330 scribet
1591 1263 1623 1336 ¹).

357 1361 398 1422 itt
431 1363 510 1423 olim
544 1367 631 1427 certe
667 1366 933 1426 ΕΝΟΣΙΓΑΙΟΣ
961 1370 995 1430 et
1029 1370 1313 1430 ΕΝΟΣΙΦΤΛΟΣ
1342 1371 1376 1430 ln
1409 1369 1500 1431 libris
1523 1367 1624 1428 luisse

359 1466 495 1526 constat.

402 1616 439 1676 ln
472 1619 565 1680 textu
596 1619 714 1682 tradito
744 1620 909 1697 productio
936 1623 1133 1699 suppletoria
1165 1624 1208 1685 lbi
1239 1639 1365 1699 quoque
1388 1637 1463 1683 cum
1486 1619 1625 1695 liquidae

357 1719 575 1791 geminatione
606 1721 747 1785 alternat
777 1724 832 1785 ubi
865 1727 941 1786 ante
971 1725 1126 1800 liquidum
1158 1726 1264 1800 sigma
1294 1722 1466 1786 intercidit.
1498 1721 1549 1784 Sic
1579 1737 1624 1782 re·
1670 1711 1674 1720 ’

358 1821 518 1894 perimus:

448 1919 530 2000 (ασμ)
574 1921 722 2004 ἅμμες-
735 1917 820 2005 dade,
841 1919 914 2006 ἧμιν
939 1931 1000 1991 otc.

445 2027 525 2100 (υσμ)
574 2021 668 2103 ὔμμες
684 2059 722 2070 -
735 2015 811 2107 ὖμός
835 2031 896 2092 etc.

443 2127 518 2202 (εσμ)
571 2123 692 2205 ἔμμεναι
701 2125 823 2205 (ἔμεναι)
836 2163 877 2174 -
893 2129 960 2209 εἰμί,
982 2127 1073 2209 εἰμέν,
1095 2121 1172 2207 εἷμα,
1197 2121 1286 2208 εἷμαι,
1308 2121 1505 2205 κάταειμὲνος.

447 2229 525 2297 (adv)
576 2225 707 2308 ἔραννός.

446 2331 519 2399 (cdv)
575 2327 727 2411 ἀργεννός,
749 2328 910 2412 ἕρεβεννός,
932 2329 1037 2411 inrupi
1054 2365 1096 2376 -
1117 2331 1260 2408 αἰπεινὸς,
1286 2329 1443 2412 ἆλεγεινός,
1471 2327 1627 2409 ἐρατεινάς,

623 2431 801 2518 reticulatos²
816 2432 961 2506 πετεεινός
981 2434 1051 2494 aive
1065 2433 1215 2512 πετεηνός,
1225 2433 1379 2510 ποθεινός,
1398 2429 1531 2508 φαεινός,
1541 2451 1626 2490 κατα·

625 2534 747 2596 alvodus
767 2535 818 2597 vel
831 2558 919 2597 -νυον
936 2539 971 2596 Ψ
988 2537 1051 2598 135
1071 2537 1138 2608 (eod
1150 2539 1294 2612 praestat
1306 2538 1349 2598 ibi
1358 2538 1379 2598 l.
1389 2553 1417 2597 a.
1430 2533 1625 2605 umoriivov).

402 2632 530 2694 Satisne
561 2638 714 2700 concinne
744 2638 981 2700 haecomnia?
1013 2638 1115 2699 Nemo
1142 2641 1329 2714 contendet;
1353 2638 1455 2699 immo
1479 2635 1626 2696 inlibris

359 2730 437 2792 olim
479 2735 581 2798 illisae
623 2741 751 2798 ΑΜΕΣ
790 2741 917 2799 Altior:
958 2741 1081 2798 ΤΜΕΣ
1114 2740 1235 2798 ΤΜΟΣ
1268 2741 1399 2798 ΕΜΕΝ
1430 2737 1628 2799 ΑΡΓΕΝΟΣ

362 2836 541 2896 ΦΑΕΝΟΣ
561 2841 622 2902 etc.
646 2844 771 2903 certum
795 2843 855 2918 est,
879 2857 982 2916 neque
1006 2843 1057 2904 eet
1080 2858 1137 2904 cur
1156 2842 1326 2904 credamus
1343 2840 1626 2918 transcriptoribue

362 2937 413 2998 vel
444 2944 668 3013 grammaticis
698 2945 928 3007 Alexandrinis
957 2945 997 3006 ad
1028 2945 1212 3006 huiusmodi
1236 2945 1442 3018 quaestiones
1465 2944 1624 3017 orthogra-

361 3039 473 3112 phicas
503 3042 700 3106 dlrlmendas
730 3045 795 3106 aila
816 3049 850 3108 ot
876 3047 1013 3108 certiora
1035 3049 1227 3121 argumenta
1250 3048 1379 3120 praesto
1402 3045 1503 3106 iuisee
1526 3059 1624 3118 quam

363 3139 455 3199 nobis
476 3143 531 3214 qui
554 3159 639 3205 nunc
662 3145 814 3207 vivimus.

407 3301 488 3362 ilum
519 3305 617 3382 hisce,
648 3307 687 3366 de
718 3307 834 3380 quibus
865 3306 959 3367 modo
986 3321 1094 3367 sermo
1122 3307 1193 3382 fuit,
1217 3305 1382 3366 vocabulis
1405 3304 1627 3367 confundenda

361 3415 425 3461 non
447 3405 534 3481 sunt,
558 3405 633 3468 licet
655 3406 776 3468 similia
798 3407 978 3482 videantur,
1002 3407 1184 3481 praesentia
1203 3406 1375 3467 vorborum
1395 3406 1625 3479 liquidatorum

361 3500 464 3563 ursive
494 3505 611 3586 φθείρω
641 3506 732 3587 κρίνω
764 3511 843 3583 etc.;
873 3523 929 3584 pro
953 3509 1004 3568 his
1027 3509 1082 3582 qui
1105 3505 1229 3587 φθὲρρω
1252 3506 1364 3587 κρίννω
1388 3507 1421 3567 in
1444 3506 1626 3567 Homericis

362 3605 493 3665 rescribi
523 3608 651 3670 mavult
681 3625 787 3671 errare
814 3610 906 3672 nobis
929 3611 1065 3672 videtur.
1089 3611 1174 3671 Nam
1201 3611 1278 3671 licet
1300 3609 1395 3670 Lesbi
1418 3610 1451 3670 et
1473 3610 1507 3669 in
1530 3609 1626 3668 'l'hee-

363 3705 445 3765 salia
466 3707 615 3770 homines
638 3711 810 3784 aliquando
828 3713 875 3772 ita
894 3711 1020 3772 locutos
1039 3726 1111 3772 esse
1129 3711 1265 3772 doceant
1284 3710 1415 3787 lapides,
1436 3711 1626 3770 nontamen

363 3809 545 3884 necessario
575 3811 648 3872 inde
678 3813 824 3886 sequitur
854 3814 1005 3886 antiquas
1031 3827 1104 3873 esse
1128 3813 1188 3872 has
1213 3811 1345 3888 formae,
1369 3811 1426 3872 sed
1448 3808 1626 3884 analogiae,

363 3908 456 3968 culus
485 3914 607 3985 quanta
636 3913 697 3974 hac
720 3915 753 3974 in
783 3930 818 3976 re
840 3915 884 3974 sit
907 3915 959 3976 vie
988 3914 1129 3976 ostendit
1151 3914 1337 3987 Brugmanu
1368 3911 1511 3972 Gramm.
1543 3909 1627 3979 §45

364 4010 397 4070 et
422 4011 495 4088 184,
518 4027 575 4076 aas
602 4014 709 4077 deberi
739 4017 960 4094 suspicamur;
985 4017 1201 4092 diphthongus
1227 4037 1252 4076 ει
1279 4016 1310 4076 in
1335 4015 1441 4077 verbis
1467 4011 1570 4073 κτείνω
1594 4011 1628 4071 et

363 4114 481 4194 φθεὶρω
512 4116 564 4178 vel
593 4118 725 4193 longum
756 4120 823 4181 iota
852 4121 941 4181 verbi
972 4118 1063 4198 κρίνω
1089 4135 1153 4181 non
1183 4119 1382 4194 productioni
1411 4115 1627 4191 suppletoriae

364 4217 499 4278 debetur
524 4219 582 4279 sed
609 4235 650 4280 ex
676 4241 782 4297 aucupor
801 4223 835 4282 et
852 4225 972 4300 pilippos
991 4221 1174 4281 factasunt
1195 4239 1311 4280 ars-wa
1330 4221 1364 4280 et
1382 4223 1525 4296 φθε-ιρω,
1546 4217 1626 4276 item

362 4339 479 4398 apt-wer
491 4335 510 4380 e
524 4341 641 4400 κριηω,
652 4323 924 4395 quemadmodum
936 4343 1082 4400 μανμμαι
1100 4319 1138 4382 fit
1148 4321 1292 4400 μαίνομαι
1312 4323 1345 4382 et
1356 4323 1482 4397 μελανμι
1495 4339 1627 4398 panope

362 4441 478 4500 rrprvpo
496 4422 630 4501 -βοτερμ
642 4445 734 4504 poppo
753 4425 900 4485 abierunt
920 4425 952 4485 ln
971 4421 1095 4501 μέλαινα
1106 4421 1236 4503 μάκαιρα
1255 4420 1368 4502 τέρεινα
1387 4419 1519 4500 -βότειρα
1531 4423 1627 4498 μοῖρα.

407 4525 512 4586 Aliter
544 4525 655 4586 tamen
690 4525 750 4586 hac
784 4525 823 4587 de
854 4541 888 4586 re
919 4525 1015 4586 multi
1046 4539 1131 4586 nunc
1161 4524 1314 4602 iudicant,
1345 4523 1408 4586 vid.
1440 4523 1625 4598 Brugmann

363 4627 508 4689 Gramm.
532 4627 550 4698 5
574 4628 626 4704 30,
650 4629 669 4698 5
692 4628 744 4703 oi,
768 4629 786 4697 θ
806 4630 858 4704 bil,
881 4626 1310 4712 donner-Blassip.‚1oe:
1338 4628 1391 4704 „ln
1410 4625 1527 4706 φθείρω
1545 4624 1624 4685 wird

366 4749 411 4804 ,ιι
440 4728 599 4790 vielmehr
627 4729 785 4801 Dehnung
814 4729 885 4788 sein
915 4725 1084 4806 (unachtes
1109 4725 1179 4805 ει).”
1204 4728 1281 4789 Ρίοὶι
1304 4730 1338 4788 ln
1360 4728 1542 4789 carminum
1564 4725 1624 4785 Ho-

395 4941 414 5006 ¹)
430 4945 545 4995 moon
561 4947 674 4996 debuinil
691 4948 794 5006 Quaerit
812 4946 860 5008 Ep.
877 4959 903 5008 p.
923 4947 969 4993 ida
986 4945 1131 5006 opinionem
1148 4957 1205 4993 aare
1223 4945 1305 4994 video.

344 5364 656 5649 f
