3848 5688
950 591 1053 637 uxum

373 764 407 824 P.
416 763 467 826 W.
480 763 728 826 Forchhammer
746 761 924 835 Erlrlarung
941 762 998 822 der
1009 761 1086 822 Ilias
1101 760 1202 838 1884,
1223 763 1275 823 cul
1287 761 1418 826 Achillea
1429 767 1481 826 est
1492 761 1634 846 ἀ-χειιεύς

373 863 476 934 (labiis
496 865 629 939 carens),
653 863 773 923 flumen
799 863 972 938 ιοιιιισοιιι,
999 861 1110 922 Hector
1137 863 1244 923 amnis
1267 864 1352 924 intra
1380 865 1468 942 ripae
1493 882 1572 928 suas
1599 883 1633 929 se

373 966 537 1042 welenone,
560 963 709 1026 Ρήοοιιιο
731 963 854 1024 rivulus
878 963 1006 1041 Simois,
1029 964 1085 1038 qui
1107 979 1164 1040 per
1183 965 1336 1026 torridam
1358 969 1521 1030 aestatem
1539 968 1635 1050 πρίων

373 1062 424 1125 τὸν
446 1061 545 1143 ἅμμον
564 1066 653 1127 tarde
672 1065 821 1142 prorepit,
841 1066 875 1125 et
893 1065 940 1125 sic
959 1065 991 1126 in
1012 1079 1113 1139 aquas
1133 1068 1166 1126 et
1186 1065 1293 1127 lutum
1313 1068 1382 1128 tota
1397 1069 1477 1130 illas
1489 1069 1634 1132 solvitur.

375 1163 479 1226 causa
497 1167 605 1227 autam
627 1167 813 1227 cunctorum
834 1167 1018 1227 huiusmodi
1036 1168 1295 1228 commentorum
1314 1184 1378 1230 non
1398 1169 1497 1248 latet;
1511 1173 1633 1246 mytho·

371 1283 443 1328 rum
477 1268 563 1330 enlm
598 1267 895 1329 vetustissimorum
928 1268 969 1330 ad
1002 1283 1054 1328 res
1088 1268 1253 1329 naturales
1284 1271 1503 1346 spectantium
1533 1263 1635 1336 veluti

371 1371 449 1433 echo
478 1384 706 1444 nonnunquam
736 1370 768 1430 ln
799 1368 897 1431 Iliade
929 1370 963 1430 et
993 1368 1026 1430 in
1057 1368 1202 1446 Odyssea
1232 1372 1406 1448 percipitur
1425 1378 1465 1450 ¹);
1497 1391 1634 1450 quorum

371 1475 481 1535 tamen
504 1474 691 1549 mythorum
715 1471 857 1548 priscum
879 1487 1009 1534 sensum
1031 1472 1093 1549 ipsi
1113 1475 1226 1550 poetae
1246 1475 1327 1552 epici
1347 1479 1405 1538 aut
1423 1477 1635 1554 neglexerunt

372 1579 438 1653 aut,
461 1575 545 1652 quod
569 1590 643 1638 uero
666 1575 816 1651 similius,
839 1575 1035 1650 ignorarunt.

415 1677 622 1740 Recentiores
643 1679 753 1738 autem
773 1675 1033 1754 philosophorum
1053 1679 1160 1740 sectae
1188 1680 1339 1741 certatim
1366 1696 1497 1757 operam
1516 1682 1636 1744 dabant

370 1780 409 1840 ut
437 1779 498 1841 elbl
529 1778 727 1840 vindicarent
758 1778 936 1841 Homerum
967 1779 1061 1841 illum
1093 1795 1189 1856 quem
1221 1797 1264 1844 ex
1285 1783 1454 1844 hominum
1478 1786 1635 1847 memoria

371 1880 466 1943 evelli
489 1896 552 1942 non
576 1893 670 1956 posse
693 1880 813 1955 optime
836 1880 1074 1958 intellegebant.
1099 1881 1332 1960 Peripateticus
1351 1884 1452 1946 luisse
1472 1884 1635 1948 dicebatur

360 1979 499 2060 'propter
521 1996 635 2044 versus
658 1981 690 2042 a
712 1983 777 2045 376
799 1997 866 2057 sq:

811 2075 873 2157 οἷος
896 2082 935 2163 δὴ
958 2083 996 2146 σὺ
1019 2082 1109 2164 δέμας
1130 2085 1181 2149 nul
1201 2087 1304 2160 sarteq
1327 2085 1445 2169 ἀγητὸς,

590 2181 741 2247 πέπνυσαί
760 2206 790 2246 τε
812 2183 883 2272 νόῳ,
905 2185 1046 2266 μακάρων
1070 2183 1099 2248 l’
1126 2186 1155 2262 ἔξ
1178 2186 1240 2249 ἐσσι
1263 2187 1389 2268 τοκήων,

372 2286 511 2348 ἐντεῦθεν
542 2287 574 2348 ol
600 2284 736 2348 ἀπὸτοῦ
766 2285 928 2364 περικάτω
952 2285 1006 2364 τὴν
1027 2287 1132 2368 τριάδα
1154 2297 1213 2349 τῶν
1235 2286 1362 2369 ἀγαθῶν
1384 2289 1533 2370 εἰλήφασι,
1554 2307 1635 2367 quaa

372 2388 566 2451 scholiastae
589 2389 688 2450 verba
710 2388 869 2463 quomodo
886 2388 953 2449 sint
970 2389 1154 2465 accipienda
1172 2389 1266 2450 docet
1283 2391 1418 2452 Aristot.
1439 2391 1542 2454 lithic.
1563 2393 1578 2454 l
1597 2393 1635 2454 8:

371 2487 577 2570 νενεμημένων
607 2487 646 2568 δὴ
675 2497 735 2550 τῶν
765 2484 891 2568 ἀγαθῶν
920 2497 1011 2574 τριχῇ,
1039 2485 1090 2548 καὶ
1119 2497 1178 2549 τῶν
1201 2485 1255 2568 μὲν
1276 2487 1358 2563 ἐκτὸς
1381 2489 1556 2571 λεγομένοιν,
1578 2500 1637 2552 τῶν

371 2588 404 2654 ei
434 2589 502 2672 περὶ
527 2588 629 2670 ψυχὴν
650 2587 702 2650 καὶ
724 2597 819 2667 σῶμα,
838 2587 875 2648 τὰ
896 2587 963 2670 περὶ
985 2587 1087 2669 ψυχὴν
1108 2591 1274 2670 κυριώτατα
1296 2588 1419 2672 λέγομεν
1441 2590 1491 2653 καὶ
1513 2593 1636 2670 μάλιστα

371 2691 473 2775 ἀγαθά
492 2693 524 2764 ¹).
547 2691 775 2770 Epicureorum
798 2705 874 2753 vero
896 2691 1024 2766 placitis
1042 2691 1207 2754 addictum
1224 2693 1339 2754 testari
1359 2693 1529 2755 videbatur
1547 2693 1637 2754 locus

371 2795 404 2858 a
426 2797 490 2860 525
514 2809 574 2873 sq,
597 2794 651 2856 ubl
675 2793 726 2855 del
752 2807 922 2871 ,securum
945 2807 1040 2868 agere
1061 2794 1202 2855 aevum”
1225 2794 1391 2856 dicuntur:

590 2887 630 2969 ὧς
650 2893 707 2977 γὰρ
731 2892 930 2958 ἐπεκλώσαντο
954 2893 1022 2956 θεοὶ
1044 2895 1187 2957 δῐειλοῖσι
1210 2897 1351 2978 βροτοῖσι,

590 2991 704 3077 (netad
729 2991 931 3076 ἆρννμένοισ·
955 2993 1041 3059 αὐτοὶ
1063 2991 1138 3059 eil
1164 2995 1287 3077 ἀκηδέες
1309 2997 1373 3060 εἰσί.

369 3103 497 3166 Stoicus
521 3100 683 3162 Homerus
706 3099 797 3162 audit
819 3101 852 3161 ln
876 3100 1007 3161 scholiis
1029 3099 1069 3161 ad
1093 3104 1122 3159 A
1144 3101 1208 3161 405
1228 3101 1367 3176 alibique
1387 3101 1527 3178 saepius,
1547 3103 1635 3162 natu·

368 3205 446 3267 ralis
476 3205 588 3266 autem
619 3201 840 3281 philosophiae
872 3201 994 3276 aliquot
1020 3204 1095 3263 ante
1117 3200 1287 3282 Thaletem
1310 3203 1450 3263 saeculis
1473 3203 1636 3264 curiosum

369 3308 470 3370 ruisse
500 3304 557 3367 alii
587 3304 796 3382 perhibebant
822 3305 950 3378 propter
973 3319 1087 3364 versus
1110 3307 1139 3362 A
1162 3305 1226 3364 399
1249 3319 1318 3379 sqq.
1344 3306 1378 3366 et
1400 3301 1429 3370 Ξ
1448 3306 1512 3366 146
1535 3311 1567 3375 ³).
1591 3305 1636 3366 De

370 3409 487 3484 quibua
505 3407 622 3468 studiis
642 3407 754 3480 aptum
775 3405 928 3465 iudicium
947 3403 1025 3463 tulit
1043 3403 1163 3465 Seneca
1182 3405 1275 3479 epist.
1290 3405 1349 3466 88:
1366 3407 1480 3480 ,modo
1492 3406 1637 3466 Stoicum

372 3510 571 3587 ,Homerum
603 3506 735 3581 iaciunt,
768 3505 922 3566 virtutem
953 3502 1059 3564 solam
1083 3505 1271 3580 probantem
1294 3508 1327 3566 et
1351 3506 1534 3580 voluptates
1556 3506 1636 3567 reru·

373 3611 534 3689 ,plantem
548 3608 582 3668 et
593 3607 632 3668 ab
644 3605 780 3667 honesto
792 3619 833 3666 ne
846 3603 1104 3664 immortalitatis
1115 3603 1245 3679 quidem
1257 3606 1359 3679 pretio
1370 3605 1584 3682 recedentem,
1595 3638 1635 3649 -

372 3711 486 3790 ,modo
510 3709 713 3786 Epicureum,
738 3705 924 3768 laudantem
948 3707 1073 3767 statum
1098 3705 1226 3778 quietae
1249 3706 1392 3766 civitatis
1412 3707 1446 3767 et
1465 3705 1549 3766 luter
1568 3721 1637 3766 con·

373 3814 480 3892 ,vivia
505 3812 683 3885 cantusque
707 3809 810 3870 vitam
833 3807 1005 3885 erigentis,
1027 3840 1067 3851 -
1087 3807 1183 3868 modo
1206 3806 1465 3884 Peripateticum,
1480 3807 1637 3868 honorum

373 3914 456 3992 ,tria
473 3927 592 3988 genera
612 3911 828 3984 inducentem,
840 3941 881 3954 -
895 3910 989 3970 modo
1008 3909 1249 3984 Academicum,
1270 3909 1392 3969 incerta
1410 3907 1520 3969 omnia
1535 3908 1636 3969 dicen·

374 4021 472 4096 ,tem
492 4015 634 4090 Apparet
653 4011 734 4074 nihil
754 4012 869 4073 horum
890 4025 962 4072 esse
982 4011 1015 4071 ln
1034 4009 1099 4088 illo,
1119 4011 1171 4070 cul
1190 4010 1300 4070 omnia
1318 4009 1446 4070 insunt:
1466 4009 1532 4070 ieta
1550 4008 1638 4070 enlm

373 4120 477 4198 ,inter
499 4133 536 4178 ae
559 4115 748 4178 dissident.”

414 4219 503 4296 Quae
526 4231 602 4278 vero
625 4215 708 4276 tanti
731 4214 817 4275 inter
842 4211 980 4274 Graecos
1002 4212 1196 4273 haberentur
1214 4211 1368 4286 carmina,
1388 4225 1501 4272 eorum
1519 4210 1639 4286 singuli

370 4337 495 4400 verane,
527 4318 629 4380 immo
659 4314 788 4392 angula
816 4313 949 4376 verbula
971 4313 1077 4388 magle
1099 4313 1269 4387 magisque
1291 4311 1387 4386 digna
1410 4314 1489 4373 sunt
1511 4311 1583 4373 visa
1605 4311 1638 4373 ln

402 4603 424 4674 ¹)
442 4605 480 4654 01
498 4616 577 4664 cupra
594 4613 654 4664 pag.
671 4611 741 4648 ¹1¹1·

402 4681 425 4750 ¹)
442 4684 481 4734 01.
499 4679 583 4732 zellar
599 4679 695 4728 Philon
713 4676 738 4724 d.
756 4675 799 4724 (ir.
817 4675 843 4724 11
861 4672 888 4723 1Ι
904 4691 930 4738 p.
949 4678 1006 4724 1111.

401 4761 424 4834 ⁸)
440 4763 497 4814 vid
514 4759 637 4811 nemus
654 4757 764 4820 hilegor.
783 4755 823 4805 11.
