3848 5688
940 731 979 790 i‘l
1513 727 1542 796 [5
1565 727 1585 784 3

313 915 477 988 precantia
504 913 574 984 (VII
600 915 685 988 aei),
711 915 875 974 hrrmorcm
898 915 1021 988 (Georg.
1046 915 1061 973 Ι
1085 915 1170 988 295),
1195 913 1382 974 harenam
1404 914 1474 985 (VII
1501 915 1584 987 160),

317 1014 456 1075 fortasse
478 1015 577 1075 etiam
601 1015 756 1089 sulphura
775 1014 899 1088 (Georg.
920 1015 966 1074 111
988 1015 1063 1085 449)
1093 1018 1126 1074 et
1148 1015 1278 1074 lrarrictu
1300 1015 1342 1084 (ΙΙ
1366 1016 1435 1088 69);
1463 1015 1525 1074 vid.
1550 1014 1584 1073 L.

318 1113 490 1190 Quicherat
511 1114 622 1174 Revue
644 1115 683 1174 de
708 1115 884 1188 Philologie
912 1115 996 1175 1890
1019 1131 1048 1190 p.
1076 1117 1115 1174 51
1141 1129 1209 1186 sqq.

362 1212 430 1274 Duo
463 1213 511 1274 illi
544 1214 705 1289 versiculi,
744 1229 786 1273 ex
824 1229 960 1287 quorum
995 1215 1217 1275 coniunctione
1254 1228 1384 1274 versum
1419 1213 1585 1274 heroicum

315 1312 470 1387 prodiisse
496 1313 646 1390 vidimus,
672 1314 727 1374 diu
751 1317 926 1387 antequam
950 1318 1067 1390 pancta
1088 1317 1164 1374 sunt
1184 1315 1329 1374 carmina
1348 1315 1521 1375 Homerica
1539 1315 1586 1375 ita

316 1413 504 1475 coaluerunt
534 1415 572 1474 ut
601 1429 723 1474 novum
755 1416 897 1475 metrum
922 1413 1095 1476 efficerent.
1123 1414 1213 1474 Haeo
1235 1415 1321 1475 enim
1346 1416 1491 1475 carmina
1514 1415 1583 1475 tali·

317 1515 378 1576 bus
411 1516 590 1591 composita
618 1516 696 1576 sunt
728 1515 938 1592 hexametris,
970 1518 1024 1591 qui
1047 1517 1124 1590 quin
1148 1515 1240 1576 solidi
1265 1516 1443 1590 integrique
1468 1533 1583 1578 versus

316 1618 383 1678 siut
417 1619 562 1696 vocandi,
603 1633 710 1694 nemo,
748 1619 801 1691 qui
837 1618 966 1691 quidem
1000 1618 1128 1679 aurium
1162 1618 1278 1679 iudicio
1312 1619 1431 1692 aliquid
1467 1620 1584 1694 valeat,

316 1719 462 1781 dubitare
496 1721 612 1796 potest.
649 1719 776 1794 Regnat
805 1719 837 1780 in
868 1719 909 1780 iis
940 1735 1059 1795 magna
1089 1735 1298 1782 numerorum
1322 1721 1454 1782 libertas
1479 1722 1584 1782 multi·

317 1821 455 1896 piexque
491 1822 666 1898 mobilitas,
702 1821 800 1882 certis
833 1824 943 1884 tamen
978 1823 1104 1896 legibus
1134 1823 1325 1898 temperata,
1358 1837 1439 1894 quas
1462 1823 1585 1883 summi

318 1922 447 1981 tautum
481 1920 622 1982 artifices
652 1921 755 1982 multo
787 1937 848 1982 usu
872 1923 1040 1984 exercitati
1063 1923 1134 1998 ipsa
1163 1939 1258 1984 musa
1279 1923 1454 1996 instigante
1477 1924 1583 1997 potue·

317 2022 383 2083 rint
416 2022 565 2097 reperire.
600 2023 636 2084 Id
668 2023 751 2096 quod
774 2025 965 2098 praesertim
988 2027 1184 2101 apparator
1207 2025 1393 2086 incubuere
1418 2025 1584 2086 varietate.

318 2125 402 2185 Nam
433 2126 522 2186 bisce
556 2126 688 2186 demum
720 2127 910 2188 hexameter
932 2127 1027 2188 debet
1050 2125 1180 2188 firmum
1206 2128 1299 2188 iilum
1321 2142 1471 2201 gressum
1495 2142 1585 2188 cano·

318 2242 452 2302 rumque
472 2226 563 2289 illam
583 2226 829 2305 volubilitatem,
852 2245 933 2302 quao
957 2231 990 2290 et
1013 2229 1091 2290 olim
1114 2229 1273 2292 delenitus
1295 2231 1469 2291 tonuerunt
1490 2246 1585 2290 turres

318 2333 350 2392 et
374 2345 459 2391 nunc
482 2332 593 2391 tenent
616 2330 823 2405 taediumque
846 2332 961 2392 oboriri
984 2348 1048 2393 uon
1067 2333 1195 2409 sinunt;
1220 2333 1280 2394 hae
1301 2332 1585 2393 demumversum

318 2432 527 2492 Homericum
550 2433 663 2506 aptum
686 2432 891 2494 reddiderunt
915 2447 977 2506 quo
1001 2432 1115 2507 longae
1139 2434 1340 2495 narrationes
1364 2434 1583 2495 conderentur.

317 2532 451 2605 Antiqui
473 2531 521 2593 iili
543 2532 695 2593 versiculi
719 2536 885 2594 ternorum
908 2535 1034 2594 ictuum
1056 2534 1085 2594 si
1110 2535 1241 2610 saepius
1264 2535 1466 2610 itemrentur,
1490 2549 1585 2594 aures

317 2633 536 2694 obtundebant
558 2633 677 2693 tinnitu
702 2634 756 2694 vix
780 2634 956 2709 tolerabili;
986 2635 1059 2708 quis
1087 2635 1174 2696 enim
1205 2635 1290 2695 ierat
1312 2634 1428 2710 decies,
1452 2634 1584 2710 centies,

318 2733 438 2795 millies
460 2733 635 2809 repetitum
660 2735 804 2796 ieiunum
827 2735 907 2796 iilud

821 2831 828 2874 r
916 2830 923 2874 r
1013 2830 1020 2872 r

780 2880 930 2909 υ-υυ-
944 2881 1027 2909 υν-
1040 2880 1074 2910 υ·

316 2935 478 2995 Nauseam
498 2935 640 3010 proiecto
661 2934 877 2995 incussissent
896 2937 1041 2997 carmina
1060 2937 1155 3012 paulo
1174 2937 1355 3013 prolixiora,
1374 2953 1456 3010 quae
1468 2936 1584 2997 anhelo

315 3034 474 3095 eiusmodi
505 3037 610 3095 metro
633 3037 745 3095 essent
768 3037 955 3110 composita.
981 3038 1069 3112 Quae
1092 3040 1129 3098 ut
1150 3038 1276 3112 placere
1300 3038 1492 3112 potuissent,
1518 3052 1584 3097 ver·

315 3135 409 3195 siculi
444 3133 552 3207 aliqua
586 3135 710 3195 ratione
744 3136 829 3195 inter
859 3151 895 3196 se
925 3136 1096 3211 colligandi
1127 3141 1224 3210 atque
1251 3137 1411 3197 dividendi
1436 3137 1585 3211 tuissent,

316 3234 386 3296 sive
410 3234 443 3294 in
466 3235 616 3309 strophas
638 3235 906 3312 dispescerentur,
930 3237 999 3298 sive
1023 3239 1088 3298 bini
1112 3239 1269 3300 alterutro
1291 3237 1441 3298 versiculi
1463 3239 1496 3297 iu
1519 3253 1585 3298 eas·

316 3336 390 3397 dem
425 3335 569 3410 syllabas
603 3351 772 3398 excurrere
807 3340 1006 3413 cogerentur,
1041 3339 1110 3400 sive
1141 3341 1206 3400 alia
1239 3341 1289 3400 via
1317 3339 1531 3413 qualicunque
1554 3339 1586 3400 in

318 3453 471 3501 numeros
490 3438 590 3500 nimis
609 3438 775 3514 simplices
793 3441 890 3515 atque
903 3440 1087 3515 aequabiles
1099 3442 1354 3503 introduceretur
1366 3441 1398 3502 id
1410 3442 1493 3516 quod
1507 3441 1587 3502 artis

318 3541 472 3604 metricae
485 3545 536 3604 eet
547 3541 758 3617 principium:
781 3543 974 3604 varietatem
990 3544 1129 3606 dicimus
1140 3545 1237 3607 certis
1249 3545 1374 3619 legibus
1385 3545 1585 3606 adstrictam.

361 3645 424 3706 Sed
446 3645 536 3706 nulia
559 3645 744 3705 huiusmodi
767 3645 905 3706 artiiicia
928 3647 1063 3719 requirit
1086 3648 1276 3708 hexameter
1300 3646 1500 3707 Homericus.
1526 3646 1587 3706 Hic

318 3746 380 3806 sibi
406 3746 528 3807 suflicit
550 3745 650 3819 solus,
676 3760 752 3804 nam
776 3747 809 3806 in
828 3727 868 3806 'se
890 3747 959 3820 ipse
982 3747 1079 3807 habet
1102 3749 1293 3808 varietatem
1316 3747 1406 3807 illam
1430 3762 1494 3820 qua
1517 3747 1586 3806 siue

317 3863 371 3908 ars
394 3847 534 3908 existere
558 3847 679 3919 nequit.
704 3846 869 3920 Dactyiico
893 3849 997 3908 metro
1021 3849 1147 3924 incipit:
1182 3847 1350 3909 intercedit
1375 3863 1520 3924 cuosura,
1546 3881 1584 3890 --

317 3949 432 4011 exinde
459 3949 665 4025 anapaestico
690 3951 800 4010 tenore
824 3949 921 4010 tinem
945 3951 1035 4025 petit.
1060 3951 1160 4010 hemo
1183 3951 1357 4023 sedatoque
1380 3965 1495 4025 gressu
1519 3965 1586 4025 pro·

317 4051 411 4127 cedit,
444 4066 522 4112 mox
552 4051 672 4112 laetius
703 4051 855 4112 exultans
886 4051 925 4112 ad
953 4051 1077 4112 exitum
1102 4053 1261 4126 properat.
1286 4051 1368 4112 Hinc
1392 4052 1476 4111 inter
1498 4066 1585 4112 seve·

317 4153 419 4213 riores
449 4151 654 4226 dactylomm
684 4167 782 4212 sonos
812 4151 1043 4226 hilarioresque
1073 4155 1268 4226 anapaestos
1291 4152 1455 4212 alternans
1478 4152 1587 4224 captat

317 4266 413 4311 eures
442 4265 546 4324 neque
577 4266 719 4323 unquam
744 4251 870 4326 fatigat,
895 4251 941 4310 lta
964 4254 1001 4311 ut
1023 4251 1197 4312 hodiernus
1221 4265 1346 4323 quoque
1369 4250 1469 4310 lector
1490 4250 1585 4310 liben-

318 4353 368 4412 ter
390 4352 507 4414 dixerit
531 4351 599 4412 vati
623 4351 774 4424 antiquo:

561 4449 614 4510 καί
634 4443 658 4509 κ’
684 4447 820 4512 ἐνιαυτὸν
844 4447 900 4530 ἐγὼ
922 4449 1003 4530 παρὰ
1027 4445 1118 4530 σοίγ’
1145 4447 1313 4528 ἀνεχοίμην.

362 4553 482 4614 Eadem
514 4553 626 4612 autem
650 4553 719 4613 arte
743 4553 916 4628 exquisita,
939 4567 1021 4625 quae
1045 4552 1240 4613 Graecorum
1265 4551 1430 4625 ingenium
1454 4553 1494 4613 ad
1519 4568 1584 4611 mu·

289 4671 291 4676 ¹
318 4669 373 4714 sas
407 4653 601 4714 excolendas
634 4655 748 4713 uatum
781 4653 978 4715 luculentius
1008 4667 1107 4725 quam
1138 4652 1225 4713 aliud
1258 4651 1413 4724 quidlibet
1435 4652 1583 4725 testatur,

318 4752 483 4813 scenicum
517 4754 631 4827 postea
662 4767 794 4812 versum
824 4751 1022 4812 exemerunt
1052 4753 1086 4811 et
1108 4752 1148 4812 ad
1173 4751 1279 4810 vanos
1303 4765 1383 4810 usus
1405 4750 1585 4810 formarunt

318 4851 470 4916 babilam.
505 4851 635 4913 iambos
668 4865 763 4913 sume
796 4865 893 4913 senos
924 4850 1110 4925 mediosque
1140 4850 1200 4910 bos
1230 4848 1428 4924 syllabarum
1458 4849 1585 4911 ordines
