3908 5724
319 689 438 762 ereo]
809 767 813 775 ¹
920 687 985 748 aas

319 877 533 953 augmentum
563 873 741 951 temporale
770 850 951 950 verborum,
983 888 1068 950 quae
1099 888 1121 934 a
1143 889 1222 937 sono
1245 893 1273 935 ε-
1298 873 1348 937 rel
1371 896 1403 936 ο-
1424 875 1592 954 incipiunt,

320 981 422 1040 oculis
451 979 620 1041 ostendere
649 993 713 1039 non
743 977 885 1052 poterat;
917 977 1014 1037 iluxlt
1041 977 1117 1038 lrlnc
1140 993 1169 1038 e.
1192 994 1222 1052 g.
1246 978 1462 1052 discrepantia
1482 979 1592 1040 mscri·

320 1082 448 1156 piorum
476 1082 505 1138 Τ
521 1081 595 1156 219,
619 1079 673 1140 ubl
692 1079 818 1139 litteras
839 1079 986 1138 vetustas
1006 1077 1366 1139 circummunit
1389 1079 1591 1154 interpretati

320 1183 398 1241 sunt
419 1178 504 1238 σάκεϊ
524 1173 617 1254 ltee’,
639 1178 694 1238 alli
717 1171 792 1236 σάκε’
820 1174 939 1253 titurio,
961 1179 1000 1237 ci.
1024 1178 1042 1246 i
1068 1179 1119 1238 18.
1139 1177 1308 1238 vocalium
1330 1200 1355 1236 ι-
1374 1181 1408 1239 ο1
1427 1202 1461 1238 ο-
1479 1181 1590 1239 autem

321 1278 485 1352 productio
508 1293 674 1352 nunquam
693 1275 799 1353 potuit
820 1276 939 1350 scripto
963 1276 1104 1338 indicari.
1129 1277 1239 1350 Neque
1258 1277 1293 1337 in
1317 1276 1449 1338 Aeolica
1466 1279 1591 1339 Dorica·

323 1395 361 1440 ve
394 1379 530 1440 dialecto
563 1379 704 1440 cernitur
733 1377 946 1451 augmentum
978 1376 1148 1438 verborum
1180 1389 1263 1450 quae
1285 1393 1305 1437 a
1327 1376 1437 1439 littera
1459 1399 1493 1436 ο-
1516 1378 1590 1439 incl·

320 1481 428 1556 plunt;
449 1481 635 1541 ΑΓΟΜΕΝ
655 1480 741 1540 enlm
765 1477 850 1538 sitne
868 1469 979 1557 ἤγομεν
997 1477 1271 1552 pronunciandum
1295 1493 1337 1539 an
1360 1471 1480 1558 ἄγομεν,
1498 1479 1531 1540 id
1549 1496 1591 1541 ex

321 1583 490 1644 verborum
510 1583 666 1644 contextu
688 1580 784 1642 debet
806 1578 901 1656 ellici,
914 1594 987 1660 nou
1007 1595 1048 1641 ex
1071 1579 1253 1640 litterarum
1277 1579 1398 1654 liguris.
1419 1581 1592 1642 Homerica

319 1684 430 1744 autem
460 1683 571 1757 lingua
601 1697 699 1755 quam
729 1680 909 1741 innumeris
932 1680 1011 1741 tecle
1034 1680 1119 1741 inter
1142 1681 1271 1743 vocales
1296 1683 1329 1740 H
1349 1682 1383 1742 et
1405 1683 1435 1739 A
1456 1681 1593 1742 fluctuet

319 1784 352 1844 in
375 1785 393 1854 5
416 1787 435 1846 6
467 1785 627 1858 vidimus;
659 1783 768 1856 itaquo
800 1780 950 1842 credibile
983 1783 1044 1856 est,
1069 1783 1107 1841 ut
1129 1782 1305 1843 minimum
1328 1781 1444 1858 dicam,
1468 1783 1502 1843 in
1525 1797 1590 1843 car·

321 1887 461 1947 minibus
503 1887 602 1964 epicis
637 1885 714 1947 talia
747 1883 878 1946 auribus
918 1885 1057 1960 tanturn,
1096 1899 1159 1945 non
1194 1883 1296 1945 oculis
1330 1883 1484 1945 distincta
1518 1899 1591 1946 csse

319 1987 414 2064 olim;
450 1990 478 2051 sl
512 1991 623 2051 autem
655 1987 752 2064 verbi,
783 1987 867 2060 quod
898 1986 1001 2062 aperit
1029 1986 1139 2047 littera
1168 1985 1273 2061 alpha,
1305 1986 1432 2061 syllaba
1453 1985 1590 2048 initialis

320 2090 476 2166 positione
517 2089 759 2166 producebatur,
796 2087 956 2162 quomodo
992 2087 1067 2148 sciri
1101 2089 1228 2165 poterat
1264 2088 1461 2151 voluissetne
1495 2092 1591 2164 poeta

319 2191 386 2273 ἄρχε
413 2194 547 2270 proferri
571 2195 672 2253 —ut
703 2193 762 2254 boc
792 2190 943 2266 exemplo
966 2191 1041 2252 utar
1065 2224 1105 2234 -
1131 2205 1171 2250 an
1196 2182 1264 2268 ἆρχε
1287 2181 1524 2270 ιῆρχε11οἴι1εεο
1548 2207 1589 2252 an

320 2295 404 2378 ᾅδειο
428 2294 562 2380 iiidcccl?

363 2399 445 2474 urge
477 2401 647 2461 verborum
680 2398 814 2472 formae,
837 2410 920 2470 quae
944 2395 1107 2470 integrum
1131 2395 1251 2456 babent
1273 2398 1487 2470 augmentum
1511 2397 1591 2457 tem·

320 2501 428 2576 poraie
457 2515 603 2575 quaeque
633 2499 863 2574 imminutum,
887 2499 992 2558 metro
1015 2497 1156 2573 tantum,
1172 2503 1252 2558 'non
1279 2497 1398 2572 scripto
1417 2497 1589 2571 distingue·

319 2601 437 2662 bantur
458 2602 547 2678 oiim,
577 2602 612 2662 et
631 2599 733 2661 nostrl
753 2601 806 2660 est
830 2597 953 2660 arbitrii
978 2598 1116 2673 singulis
1140 2599 1219 2660 iocis
1242 2599 1386 2660 statuere
1408 2598 1484 2672 quid
1507 2598 1592 2660 ierat

319 2717 400 2764 sana
423 2702 515 2764 ratio.

364 2803 563 2878 Syllablcnm
593 2817 668 2864 vero
699 2803 911 2876 augmentum
939 2801 1077 2862 fueritne
1099 2800 1270 2876 aliquando
1294 2801 1334 2861 iis
1357 2815 1483 2875 quoque
1505 2801 1587 2863 locis

319 2905 477 2979 scriptum
510 2903 564 2964 ubi
598 2918 707 2963 morae
742 2901 846 2962 vicem
881 2915 944 2962 non
976 2901 1095 2978 explet,
1126 2917 1167 2962 an
1198 2902 1230 2962 ln
1263 2901 1426 2976 mscriptis
1449 2901 1523 2962 lude
1546 2902 1587 2962 ab

315 3004 553 3078 antiquissimis
574 3003 775 3078 temporibus
798 3003 864 3063 illic
886 3002 984 3064 tuerit
1009 3003 1179 3079 omissum,
1200 3003 1232 3063 ld
1254 3017 1310 3077 pro
1333 3004 1420 3064 certo
1442 3003 1587 3064 statuere

316 3119 449 3177 nequeo.
482 3105 632 3165 Fortasse
663 3104 783 3178 aliquid
817 3104 857 3165 ad
889 3105 971 3164 banc
1002 3105 1224 3178 quaestionem
1256 3103 1470 3164 dirimendam
1500 3102 1588 3164 valet

317 3207 481 3282 inscriptio
506 3206 682 3281 Corcyraea
706 3205 783 3268 (1111.
812 3207 894 3266 11114
919 3211 962 3276 (=
983 3205 1097 3267 Kalbel
1120 3205 1224 3281 liplgr.
1253 3203 1343 3284 183):

514 3299 535 3387 ἦ
558 3308 636 3385 μάλα
661 3307 699 3386 δὴ
722 3305 790 3386 περὶ
813 3311 874 3369 σεῖο
897 3305 1011 3388 λυγρὸμ
1032 3306 1146 3387 πότμον
1168 3305 1251 3368 ἔκλυε
1274 3307 1381 3388 πάτρα,

561 3409 701 3488 Ἀλκή[ν],
723 3409 904 3490 Ἀμφελόχοεγ
926 3413 996 3490 γαῖα
1018 3407 1282 3490 θροσοπτολὲμοον,

515 3509 637 3570 οὕνεκεν
654 3503 841 3589 ’moerorem
863 3505 913 3587 ὑφ’
940 3510 1132 3590 ἱππομάχσισι
1154 3510 1323 3588 donaolim·

565 3605 649 3670 tortu
672 3604 701 3670 δ’
728 3607 760 3670 ἔν
782 3611 901 3684 νάσΙωῙι
926 3604 1027 3684 [ε]οῖσ’
1053 3607 1151 3692 ἕταροι
1173 3607 1323 3691 tartareus
1346 3613 1418 3688 etc,

317 3712 370 3774 ubi
394 3713 427 3774 in
450 3715 565 3788 quarto
588 3729 684 3776 versu
708 3709 857 3793 ἕοεὲριοον
879 3714 1037 3790 scriptum
1059 3707 1282 3792 εο11’κτέρισον
1308 3713 1585 3790 pronunciandum

316 3815 377 3892 est,
402 3831 461 3876 nec
484 3831 548 3878 non
571 3817 604 3877 in
628 3816 730 3892 primo
755 3831 851 3879 versu
874 3815 906 3877 ni
929 3815 1023 3878 fallor
1044 3807 1158 3895 πὲιεμον
1176 3811 1258 3880 ’κλύε
1281 3819 1344 3881 dici
1366 3817 1469 3879 voluit
1480 3819 1584 3893 pocta.

315 3921 377 3980 Sed
408 3921 560 3994 quoniam
591 3919 624 3980 in
656 3935 752 3981 versu
783 3919 879 3981 tertio
903 3935 966 3980 nou
990 3921 1120 3982 constat
1142 3921 1222 3982 baec
1243 3922 1326 3984 ratio
1348 3938 1452 3998 neque
1476 3937 1584 3999 peran-

316 4022 425 4096 tiquus
459 4021 511 4084 est
543 4021 670 4099 titulus
702 4024 846 4098 praestat
876 4022 988 4098 opinor
1020 4037 1083 4084 non
1113 4023 1254 4085 multum
1279 4025 1353 4108 truie
1377 4025 1587 4086 monumento

315 4125 477 4186 tribuisse.
500 4124 675 4199 Aliquanto
703 4125 777 4202 plus
806 4126 847 4188 sd
869 4125 1127 4201 persuadendum
1158 4127 1246 4188 valet
1269 4141 1383 4188 versus
1406 4127 1586 4188 Hesiodeus

317 4225 436 4301 Theop.
462 4226 545 4288 281:

538 4323 657 4406 ἐξέθορε
680 4325 828 4407 Χρΰσάωρ
850 4349 880 4389 τε
902 4325 993 4409 μέγας
1016 4325 1067 4388 καὶ
1089 4329 1231 4410 Πήγασος
1253 4328 1354 4405 ἵππος,

317 4428 371 4489 ubl
394 4428 566 4503 legendum
588 4445 661 4491 esse
683 4425 800 4509 ἔκθορε,
821 4430 905 4504 qnod
928 4445 1013 4491 uuus
1035 4431 1136 4493 codex
1158 4431 1300 4509 praebet,
1324 4431 1405 4493 vidit
1427 4429 1583 4504 (inpetus.

317 4528 358 4589 111
379 4530 462 4591 satis
485 4531 648 4591 certares
670 4529 751 4591 mibi
776 4529 903 4591 videtur
922 4531 1041 4605 uneog.
1065 4533 1147 4594 856:

571 4627 672 4706 ἔπρεσε
694 4628 854 4700 θεσπεσίας
876 4627 1007 4705 κεφαλὰς
1031 4631 1141 4692 δεινοῖο
1164 4631 1309 4711 πελώρου,

316 4728 407 4789 niblli
438 4729 526 4790 enim
557 4730 697 4791 formam
727 4725 828 4807 ἔπρεσε
859 4745 916 4804 pro
938 4727 1046 4808 ἔπρηοε
1068 4734 1179 4792 torruit
1202 4733 1325 4809 peperit
1347 4733 1478 4793 vetusta
1500 4731 1584 4792 litte·

316 4831 435 4891 ratura.
460 4830 598 4891 Omnino
620 4831 718 4904 igitur
740 4832 800 4891 boc
822 4831 861 4892 de
884 4831 953 4892 loco
977 4832 1058 4893 mibi
1080 4835 1184 4895 staret
1205 4834 1377 4910 sententia,
1401 4833 1461 4894 nisi
1484 4832 1581 4892 clum-
