3952 5700
302 771 320 842 t
345 771 375 846 i]
924 768 965 832 45

346 959 434 1021 Haec
464 962 637 1035 postquam
663 958 896 1034 perspeximuS,
922 959 1043 1018 maiore
1065 957 1182 1019 fiducia
1205 959 1342 1034 possunt
1365 957 1480 1034 corrigi
1503 960 1568 1022 alia

304 1060 468 1138 vocabulo,
503 1077 585 1136 qrrae
624 1064 656 1122 in
691 1059 872 1122 Homericis
902 1058 1105 1134 reperiuntur
1135 1059 1225 1120 foede
1255 1062 1413 1136 corrupta.
1447 1060 1569 1137 Nempe

302 1164 431 1224 textum
461 1163 642 1224 carminum
675 1163 838 1237 epicorum
862 1164 989 1223 mature
1012 1160 1202 1222 invaserunt
1224 1161 1347 1222 formae
1372 1163 1495 1224 multae
1518 1178 1570 1224 no·

304 1265 430 1324 minum
472 1265 642 1324 verborum
684 1263 925 1339 particularum,
968 1278 1050 1336 quas
1091 1261 1245 1323 oiierebat
1278 1263 1466 1338 posterioria
1499 1265 1572 1326 aevi

303 1382 410 1428 sermo
434 1365 648 1440 quotidianus.
681 1366 734 1426 Sic
755 1365 878 1440 pressim
903 1365 1060 1440 scriptum
1085 1365 1136 1424 eat
1159 1361 1223 1442 ἕως,
1245 1365 1298 1425 ubi
1320 1367 1416 1441 poeta
1439 1367 1571 1428 dederat

303 1459 356 1546 ἧος
379 1459 464 1546 (doc),
489 1485 516 1530 e.
540 1483 570 1543 g.
595 1468 629 1529 in
653 1467 793 1530 formuln
817 1468 1081 1542 frequentissima
1104 1469 1145 1539 (A
1172 1467 1232 1528 193
1257 1465 1330 1544 etc.)

502 1569 557 1644 ἕως
580 1565 597 1630 ὃ
621 1565 706 1630 ταῦθ’
733 1569 862 1652 ὥρμαινε
886 1567 959 1630 κατὰ
983 1567 1079 1647 φρένα
1103 1566 1153 1629 καὶ
1176 1565 1250 1629 κατὰ
1272 1569 1382 1647 θυμόν.

303 1675 349 1738 Ne
373 1677 514 1737 metrum
547 1675 677 1748 quidem
700 1673 850 1735 obstabat
876 1673 973 1747 igitur
996 1672 1170 1747 quominus
1194 1670 1273 1733 talia
1295 1672 1484 1748 irreperent.
1509 1673 1573 1736 bia.

304 1779 441 1840 niicstus
459 1778 510 1838 hic
533 1780 585 1838 eat
607 1792 695 1838 error
717 1786 775 1836 ccv
798 1774 1156 1854 μεπσχσρσκπηρισάσσων,
1178 1775 1233 1848 qui
1252 1790 1327 1835 eum
1346 1777 1441 1850 signa
1462 1778 1571 1838 Attica

305 1881 472 1940 mutarunt
492 1881 524 1938 in
543 1878 761 1940 litteraturam
782 1880 960 1954 vulgarem,
981 1893 1044 1938 non
1065 1877 1294 1951 intellegebant
1306 1876 1433 1938 litteras
1445 1879 1574 1954 ΗΕΟΣ,

304 1981 336 2038 in
367 1979 456 2038 libris
480 1995 499 2038 a
522 1995 557 2039 se
588 1980 748 2054 inventes,
780 1980 863 2053 apud
888 1978 1068 2039 Homerum
1101 1977 1187 2038 eliud
1212 1977 1393 2050 significare
1416 1993 1514 2052 quam
1539 1980 1571 2039 in

306 2078 549 2140 Atheniensium
592 2080 721 2154 scriptis
763 2079 901 2139 vetustis
943 2077 1205 2139 monumentisve
1248 2077 1393 2152 publicis.
1432 2079 1502 2140 Nisi
1538 2081 1571 2140 in

306 2181 413 2241 Attica
441 2184 554 2242 autem
585 2182 673 2242 nasci
706 2181 761 2240 vix
793 2181 897 2254 potuit
927 2181 987 2242 iroe
1012 2179 1146 2253 vitium;
1171 2180 1251 2238 item
1275 2179 1413 2240 aliorum
1438 2183 1571 2243 vocabu·

306 2283 408 2340 lorum
438 2282 654 2356 insolitorum,
684 2282 802 2356 partim
833 2280 882 2342 vel
906 2284 1177 2355 periculosorum,
1201 2281 1290 2353 erigo
1313 2281 1386 2340 inde
1411 2285 1462 2342 est
1485 2298 1571 2358 repe·

306 2381 417 2455 tenda;
443 2381 551 2454 qualia
573 2385 650 2442 aunt
674 2380 772 2452 δείους
796 2380 916 2452 σπείους
941 2388 1013 2456 σπῆι
1032 2379 1156 2455 σπήεσσι
1176 2388 1282 2456 κρειῶν
1302 2377 1431 2458 tenerive
1453 2379 1571 2459 ἀκὶηεῖς

310 2527 363 2536 —-

306 2619 381 2682 plens
405 2623 523 2670 solebant
547 2623 658 2679 σιωπὴ
684 2623 734 2670 vid.
758 2623 773 2681 fl
796 2625 835 2670 18.
858 2623 912 2670 lloc
934 2622 1224 2683 quoqneloconnims
1243 2621 1436 2682 incisionum
1455 2623 1573 2672 inlibris

308 2701 384 2750 inlsru
402 2703 568 2764 intellegitur.

338 2782 480 2832 Admodum
506 2781 617 2832 notabile
643 2783 674 2832 G.
701 2782 840 2831 llermnuul
866 2782 914 2830 lrsc
939 2783 971 2830 cle
997 2797 1025 2830 ro
1051 2781 1174 2830 iudicium
1198 2784 1269 2830 extet
1290 2783 1393 2844 Orplrlc.
1423 2798 1448 2845 p.
1467 2785 1515 2834 'luit
1533 2799 1572 2846 sq.

306 2862 379 2919 (anno
406 2865 469 2911 inec
496 2865 646 2926 prolatum:
674 2863 799 2920 „Tantum
826 2862 901 2910 abest
923 2865 953 2912 ut
975 2863 1091 2911 ultimam
1111 2863 1236 2923 syllabam
1253 2863 1358 2922 gorritivl
1376 2865 1400 2911 ln
1418 2885 1465 2912 -om
1482 2866 1572 2914 elisam

307 2956 377 2998 „esse
403 2957 515 3004 corruam
543 2947 640 3006 putem,
666 2946 696 2993 nt
722 2957 778 2992 eom
801 2957 834 2992 ne
851 2944 966 3004 potnlsce
984 2945 1088 3004 quidem
1107 2943 1167 2992 olidi
1186 2943 1297 2991 eraclam.
1317 2944 1487 2993 Vehementer
1504 2948 1572 2994 enlm

307 3037 407 3076 „unum
442 3024 491 3082 ipsi
527 3028 685 3084 pugnassent
719 3024 811 3072 Graeci
842 3026 942 3084 poetae,
972 3025 995 3071 si
1026 3025 1122 3072 formas
1154 3024 1346 3083 vocabulorum,
1373 3025 1406 3072 cb
1433 3025 1459 3073 id
1487 3026 1572 3086 ipsum

306 3100 444 3156 „iuroutca
470 3106 498 3150 ut
520 3103 604 3150 iocum
627 3103 770 3150 deficientia
789 3103 812 3149 in
840 3116 915 3151 rureu
935 3103 1049 3162 sylloboo
1067 3104 1207 3163 explorent,
1225 3117 1314 3150 rursus
1332 3104 1474 3166 decurtare,
1492 3119 1570 3165 quum

306 3182 499 3234 „communibus
517 3183 606 3230 iormia
623 3183 661 3230 uti
678 3181 836 3229 maluissent.
855 3183 909 3230 Non
928 3182 993 3230 dixit
1010 3183 1138 3229 llomorus

627 3268 709 3320 ,μῆνιν
726 3261 787 3308 ἄειδε
805 3263 851 3308 cni
871 3261 997 3320 Πηληιάδέ
1019 3264 1130 3321 Ἀχιλῆος,

306 3351 379 3399 „nom
627 3337 652 3391 d:
667 3340 703 3385 ei'
723 3341 823 3386 driu-ias
840 3341 882 3386 ἰὼν
898 3340 958 3398 μέγα
975 3339 1068 3399 sideros
1088 3340 1124 3398 ini*
1146 3343 1249 3404 tiodiem,

306 3432 379 3476 „nom
627 3427 672 3465 τῶν
689 3420 713 3466 δ’
733 3419 808 3466 ἄλλων
825 3419 887 3474 οὔτις
904 3419 926 3465 i'
946 3421 1066 3480 druidum,

304 3509 378 3558 „nom
628 3501 740 3558 νοστήσας
754 3499 884 3558 ’lddxrrrde
902 3501 957 3546 κιὼν
970 3496 1066 3559 Ὀδυσῆ’
1084 3500 1116 3547 Μ
1135 3501 1189 3562 circs
1204 3497 1209 3560 Ι
1224 3499 1317 3558 slnosu',

304 3587 379 3632 „nolu
626 3578 694 3640 [ψ’.
712 3579 756 3636 trdr
772 3577 798 3624 di
817 3579 894 3642 Πάριν
910 3581 1083 3636 muratorianam,

303 3665 378 3714 „notu
626 3655 725 3713 slns'rsar'
743 3656 880 3721 Hicetdnu',
897 3657 1047 3716 :franiman
1066 3659 1104 3704 aot
1126 3661 1245 3720 Meretrice,

304 3734 350 3788 „nt
364 3731 468 3790 quidam
486 3733 548 3780 oiim
565 3731 697 3793 legebant3
717 3749 775 3790 nen.

630 3822 693 3869 ..πῶς
709 3813 738 3872 δὴ
755 3814 829 3872 tyois,
848 3817 861 3876 ii
877 3832 936 3875 φημι
955 3819 1033 3862 cedor
1049 3814 1126 3873 'crura'
1146 3815 1237 3878 deletu.

304 3890 387 3950 „qood
405 3903 474 3938 nuno
492 3903 595 3951 quoque
612 3891 638 3938 in
656 3893 812 3953 nuperrima,
829 3907 910 3954 enque
927 3894 1041 3941 omnium
1059 3893 1259 3954 absolutissima,
1282 3893 1394 3942 editione
1411 3893 1571 3956 [Olarkianc]

304 3969 436 4026 „relictum
456 3971 529 4018 sldsc
531 4003 592 4018 .....
611 3972 673 4019 tlibi
692 3971 795 4031 quidem
813 3986 863 4020 nco
881 3975 921 4020 est
938 3973 1061 4020 credibile
1077 3973 1196 4021 nltimam
1214 3973 1340 4033 syllabam
1360 3973 1437 4021 huius
1454 3975 1575 4023 infinitivi

303 4049 407 4104 „elisam
425 4063 491 4108 esse,
509 4063 587 4109 qnnm
606 4051 661 4098 sine
679 4051 785 4100 elisione
803 4052 889 4100 dicere
906 4055 994 4113 posset
1012 4055 1087 4112 poete
1104 4047 1160 4100 sin·
1162 4089 1217 4100 .....
1235 4053 1290 4102 Non
1312 4055 1396 4113 magis
1412 4055 1525 4102 adducor
1543 4059 1573 4103 nt

303 4129 364 4181 ,osi'
395 4135 415 4175 7.
433 4131 481 4176 ibt
507 4133 533 4177 et
559 4131 616 4188 iprei'
645 4135 671 4177 Ψ
692 4131 741 4178 iti
762 4135 838 4192 atque
859 4137 878 4178 θ
897 4132 945 4178 rot
963 4145 1010 4192 pre
1028 4139 1075 4186 oso,
1093 4135 1124 4180 nt
1140 4133 1259 4180 Glarkins
1276 4131 1364 4194 edidit,
1382 4137 1409 4181 et
1426 4138 1481 4192 inec
1498 4148 1572 4182 roras

304 4208 444 4262 „lectiones
462 4223 518 4256 esse
536 4210 664 4257 credam.”
683 4211 740 4258 lite.

337 4287 456 4335 Adversis
472 4289 551 4348 igitur
568 4289 695 4337 frontibus
714 4289 780 4338 inter
797 4305 825 4337 so
843 4293 1005 4350 pugnanter
1024 4305 1090 4350 qtiitc
1108 4305 1154 4338 nos
1177 4305 1255 4351 supra
1278 4293 1445 4351 exposuimus
1462 4297 1573 4351 atquae

303 4367 465 4414 Hermamms
487 4368 503 4414 Ι.
521 4367 538 4414 i.
556 4369 695 4416 contendit.
718 4369 797 4417 Guius
814 4370 892 4416 verba
911 4369 971 4416 licet
993 4369 1112 4428 Spitsner
1132 4370 1165 4416 de
1183 4383 1258 4416 veron
1276 4371 1386 4418 Hernico
1403 4384 1428 4430 p.
1450 4372 1496 4418 rie
1513 4384 1572 4430 pro·

303 4445 410 4506 buerit,
427 4446 557 4494 liudiernls
574 4448 714 4496 lectoribus
732 4463 780 4496 riou
799 4451 908 4509 poseium
925 4463 974 4494 non
993 4449 1105 4496 absurda
1123 4449 1212 4508 videri,
1231 4461 1278 4494 noa
1296 4452 1382 4496 antem
1401 4464 1450 4496 non
1468 4463 1499 4498 sc
1513 4463 1572 4510 prc-

305 4525 372 4571 iccto
386 4527 491 4572 corr-ilio
506 4541 534 4574 cn
546 4528 679 4576 attolimus
693 4533 722 4576 ut
739 4527 857 4576 munibus
875 4529 921 4576 riri
940 4527 973 4575 de
989 4527 1083 4574 litteris
1100 4528 1206 4576 Graccis
1225 4528 1332 4588 ipsoque
1348 4528 1460 4576 Humum
1470 4529 1574 4588 egregie

304 4611 387 4655 nurui
405 4615 521 4669 protervo
540 4609 686 4666 illudamus,
703 4607 748 4655 scd
766 4610 796 4655 nt
813 4609 881 4655 clare
899 4611 1023 4669 appareat
1040 4621 1092 4668 qua
1109 4609 1207 4655 ratione
1226 4608 1322 4655 iormae
1338 4610 1483 4657 contractae
1498 4609 1573 4656 unico

303 4689 403 4749 possint
428 4689 539 4737 eiciendi⁴
565 4690 635 4747 eras
660 4689 681 4736 sl
705 4689 763 4748 quis
788 4689 933 4736 etiamnunc
952 4689 1062 4736 llomerc
1080 4687 1143 4735 velit
1166 4687 1304 4750 vindicare,
1321 4689 1467 4736 Hermanno
1485 4689 1574 4735 credat

304 4781 409 4815 neceas
432 4771 471 4816 est
494 4771 617 4816 formos
639 4769 774 4828 apertas
792 4794 821 4804 -
840 4768 976 4815 distractas
994 4766 1121 4814 vocabant
1137 4771 1239 4816 veteres
1256 4767 1417 4827 grammatici
1435 4793 1465 4804 -
1485 4768 1523 4814 cb
1541 4768 1571 4814 ici

302 4845 408 4906 ipsum
439 4861 511 4895 esso
542 4847 696 4894 inventos
727 4850 762 4893 nt
792 4846 898 4894 locum
930 4846 1131 4894 desistentis
1161 4849 1191 4894 in
1224 4860 1319 4894 veron
1346 4846 1499 4905 syllabae
1525 4861 1574 4894 ex·

304 4925 444 4984 plorent
