<?xml version="1.0" encoding="UTF-8"?>
<!DOCTYPE html PUBLIC "-//W3C//DTD XHTML 1.0 Transitional//EN"
    "http://www.w3.org/TR/xhtml1/DTD/xhtml1-transitional.dtd">
<html xmlns="http://www.w3.org/1999/xhtml" xml:lang="en" lang="en">
 <head>
  <title>
</title>
<meta http-equiv="Content-Type" content="text/html;charset=utf-8" />
  <meta name='ocr-system' content='tesseract 3.04.00' />
  <meta name='ocr-capabilities' content='ocr_page ocr_carea ocr_par ocr_line ocrx_word'/>
</head>
<body>
  <div class='ocr_page' id='page_1' title='image "./enchiridiumdict01leeugoog_0217.png"; bbox 0 0 3934 5706; ppageno 0'>
   <div class='ocr_carea' id='block_1_1' title="bbox 338 716 1008 787">
    <p class='ocr_par' dir='ltr' id='par_1_1' title="bbox 338 716 1008 787">
     <span class='ocr_line' id='line_1_1' title="bbox 338 716 1008 787; baseline -0.009 -2"><span class='ocrx_word' id='word_1_1' title='bbox 338 716 356 785; x_wconf 66' lang='grc'><strong>5</strong></span> <span class='ocrx_word' id='word_1_2' title='bbox 379 716 435 787; x_wconf 87' lang='grc'><strong>40]</strong></span> <span class='ocrx_word' id='word_1_3' title='bbox 947 720 1008 780; x_wconf 79' lang='lat'><strong>135</strong></span> 
     </span>
    </p>
   </div>
   <div class='ocr_carea' id='block_1_2' title="bbox 337 901 1612 1586">
    <p class='ocr_par' dir='ltr' id='par_1_2' title="bbox 337 901 1612 1586">
     <span class='ocr_line' id='line_1_2' title="bbox 342 901 1612 980; baseline 0.006 -23"><span class='ocrx_word' id='word_1_4' title='bbox 342 919 420 974; x_wconf 77' lang='grc' dir='ltr'><strong>,τειν</strong></span> <span class='ocrx_word' id='word_1_5' title='bbox 454 903 483 958; x_wconf 84' lang='grc' dir='ltr'><em>Α</em></span> <span class='ocrx_word' id='word_1_6' title='bbox 514 903 544 978; x_wconf 85' lang='grc'><strong>3,</strong></span> <span class='ocrx_word' id='word_1_7' title='bbox 579 901 750 980; x_wconf 72' lang='grc' dir='ltr'><strong><em>σιγαλόεντα</em></strong></span> <span class='ocrx_word' id='word_1_8' title='bbox 779 903 807 960; x_wconf 80' lang='grc' dir='ltr'><em>Ε</em></span> <span class='ocrx_word' id='word_1_9' title='bbox 831 903 894 964; x_wconf 90' lang='grc'><strong>226</strong></span> <span class='ocrx_word' id='word_1_10' title='bbox 925 903 987 964; x_wconf 88' lang='lat' dir='ltr'><strong>etc.</strong></span> <span class='ocrx_word' id='word_1_11' title='bbox 1020 903 1077 964; x_wconf 84' lang='lat' dir='ltr'><strong>Oui</strong></span> <span class='ocrx_word' id='word_1_12' title='bbox 1100 903 1179 964; x_wconf 91' lang='lat' dir='ltr'><strong>libet</strong></span> <span class='ocrx_word' id='word_1_13' title='bbox 1202 904 1266 964; x_wconf 90' lang='lat' dir='ltr'><strong>ista</strong></span> <span class='ocrx_word' id='word_1_14' title='bbox 1289 919 1491 980; x_wconf 80' lang='lat' dir='ltr'><strong>cognoscere,</strong></span> <span class='ocrx_word' id='word_1_15' title='bbox 1515 905 1612 966; x_wconf 90' lang='lat' dir='ltr'><strong>adeat</strong></span> 
     </span>
     <span class='ocr_line' id='line_1_3' title="bbox 342 999 1610 1080; baseline 0.006 -22"><span class='ocrx_word' id='word_1_16' title='bbox 342 999 535 1073; x_wconf 85' lang='lat' dir='ltr'><strong>,Taylorum</strong></span> <span class='ocrx_word' id='word_1_17' title='bbox 560 1018 590 1061; x_wconf 91' lang='lat' dir='ltr'><strong>v.</strong></span> <span class='ocrx_word' id='word_1_18' title='bbox 615 1019 641 1063; x_wconf 93' lang='lat' dir='ltr'><strong>c.</strong></span> <span class='ocrx_word' id='word_1_19' title='bbox 665 1003 705 1062; x_wconf 92' lang='lat' dir='ltr'><strong>ad</strong></span> <span class='ocrx_word' id='word_1_20' title='bbox 730 1003 873 1077; x_wconf 79' lang='lat' dir='ltr'><strong>Lysiam,</strong></span> <span class='ocrx_word' id='word_1_21' title='bbox 897 1018 928 1076; x_wconf 91' lang='lat' dir='ltr'><strong>p.</strong></span> <span class='ocrx_word' id='word_1_22' title='bbox 954 1004 1027 1063; x_wconf 85' lang='lat'><strong>703.</strong></span> <span class='ocrx_word' id='word_1_23' title='bbox 1051 1003 1236 1064; x_wconf 88' lang='lat' dir='ltr'><strong>Daweslum</strong></span> <span class='ocrx_word' id='word_1_24' title='bbox 1261 1003 1392 1066; x_wconf 85' lang='lat' dir='ltr'><strong>Miscell.</strong></span> <span class='ocrx_word' id='word_1_25' title='bbox 1418 1003 1496 1065; x_wconf 84' lang='lat' dir='ltr'><strong>crit.</strong></span> <span class='ocrx_word' id='word_1_26' title='bbox 1520 1019 1547 1066; x_wconf 93' lang='lat' dir='ltr'><strong>c.</strong></span> <span class='ocrx_word' id='word_1_27' title='bbox 1579 1006 1610 1080; x_wconf 81' lang='lat'><strong>4,</strong></span> 
     </span>
     <span class='ocr_line' id='line_1_4' title="bbox 342 1101 1608 1181; baseline 0.006 -21"><span class='ocrx_word' id='word_1_28' title='bbox 342 1101 415 1176; x_wconf 83' lang='lat' dir='ltr'><strong>,qui</strong></span> <span class='ocrx_word' id='word_1_29' title='bbox 449 1119 647 1178; x_wconf 79' lang='lat' dir='ltr'><strong>quamquam</strong></span> <span class='ocrx_word' id='word_1_30' title='bbox 682 1106 789 1166; x_wconf 82' lang='lat' dir='ltr'><strong>fautor</strong></span> <span class='ocrx_word' id='word_1_31' title='bbox 822 1103 1043 1181; x_wconf 89' lang='lat' dir='ltr'><strong>digammatis,</strong></span> <span class='ocrx_word' id='word_1_32' title='bbox 1078 1106 1189 1166; x_wconf 88' lang='lat' dir='ltr'><strong>tamen</strong></span> <span class='ocrx_word' id='word_1_33' title='bbox 1225 1106 1372 1166; x_wconf 89' lang='lat' dir='ltr'><strong>Bentleio</strong></span> <span class='ocrx_word' id='word_1_34' title='bbox 1408 1107 1608 1167; x_wconf 76' lang='lat' dir='ltr'><strong>adversatur.</strong></span> 
     </span>
     <span class='ocr_line' id='line_1_5' title="bbox 342 1203 1609 1284; baseline 0.005 -23"><span class='ocrx_word' id='word_1_35' title='bbox 342 1203 458 1276; x_wconf 88' lang='lat' dir='ltr'><strong>,Nobis</strong></span> <span class='ocrx_word' id='word_1_36' title='bbox 492 1205 557 1264; x_wconf 89' lang='lat' dir='ltr'><strong>ista</strong></span> <span class='ocrx_word' id='word_1_37' title='bbox 590 1221 675 1264; x_wconf 91' lang='lat' dir='ltr'><strong>nova</strong></span> <span class='ocrx_word' id='word_1_38' title='bbox 709 1206 870 1281; x_wconf 82' lang='lat' dir='ltr'><strong>sapientia</strong></span> <span class='ocrx_word' id='word_1_39' title='bbox 903 1206 1119 1279; x_wconf 90' lang='lat' dir='ltr'><strong>grammatica</strong></span> <span class='ocrx_word' id='word_1_40' title='bbox 1149 1222 1212 1267; x_wconf 91' lang='lat' dir='ltr'><strong>non</strong></span> <span class='ocrx_word' id='word_1_41' title='bbox 1241 1208 1346 1280; x_wconf 88' lang='lat' dir='ltr'><strong>magle</strong></span> <span class='ocrx_word' id='word_1_42' title='bbox 1369 1207 1485 1284; x_wconf 89' lang='lat' dir='ltr'><strong>placet,</strong></span> <span class='ocrx_word' id='word_1_43' title='bbox 1510 1223 1609 1280; x_wconf 88' lang='lat' dir='ltr'><strong>quarn</strong></span> 
     </span>
     <span class='ocr_line' id='line_1_6' title="bbox 342 1303 1610 1382; baseline 0.006 -21"><span class='ocrx_word' id='word_1_44' title='bbox 342 1303 512 1378; x_wconf 90' lang='lat' dir='ltr'><strong>,Dorvillio</strong></span> <span class='ocrx_word' id='word_1_45' title='bbox 545 1307 585 1366; x_wconf 90' lang='lat' dir='ltr'><strong>ad</strong></span> <span class='ocrx_word' id='word_1_46' title='bbox 621 1305 740 1366; x_wconf 80' lang='lat' dir='ltr'><strong>Charit.</strong></span> <span class='ocrx_word' id='word_1_47' title='bbox 766 1322 795 1380; x_wconf 91' lang='lat' dir='ltr'><strong>p.</strong></span> <span class='ocrx_word' id='word_1_48' title='bbox 821 1307 895 1380; x_wconf 89' lang='grc'><strong>202,</strong></span> <span class='ocrx_word' id='word_1_49' title='bbox 932 1306 1025 1366; x_wconf 90' lang='lat' dir='ltr'><strong>cuius</strong></span> <span class='ocrx_word' id='word_1_50' title='bbox 1056 1307 1211 1367; x_wconf 92' lang='lat' dir='ltr'><strong>iudicium</strong></span> <span class='ocrx_word' id='word_1_51' title='bbox 1242 1308 1449 1382; x_wconf 88' lang='lat' dir='ltr'><strong>probamus”.</strong></span> <span class='ocrx_word' id='word_1_52' title='bbox 1477 1343 1515 1351; x_wconf 82' lang='lat'><em>-</em></span> <span class='ocrx_word' id='word_1_53' title='bbox 1541 1309 1610 1368; x_wconf 88' lang='lat' dir='ltr'><strong>Non</strong></span> 
     </span>
     <span class='ocr_line' id='line_1_7' title="bbox 339 1403 1609 1482; baseline 0.007 -22"><span class='ocrx_word' id='word_1_54' title='bbox 339 1403 458 1462; x_wconf 89' lang='lat' dir='ltr'><strong>mirum</strong></span> <span class='ocrx_word' id='word_1_55' title='bbox 483 1407 534 1464; x_wconf 88' lang='lat' dir='ltr'><strong>est</strong></span> <span class='ocrx_word' id='word_1_56' title='bbox 557 1406 664 1482; x_wconf 90' lang='lat' dir='ltr'><strong>igitur,</strong></span> <span class='ocrx_word' id='word_1_57' title='bbox 691 1407 797 1467; x_wconf 92' lang='lat' dir='ltr'><strong>virum</strong></span> <span class='ocrx_word' id='word_1_58' title='bbox 821 1407 952 1467; x_wconf 88' lang='lat' dir='ltr'><strong>doctum</strong></span> <span class='ocrx_word' id='word_1_59' title='bbox 976 1407 1030 1479; x_wconf 92' lang='lat' dir='ltr'><strong>qui</strong></span> <span class='ocrx_word' id='word_1_60' title='bbox 1057 1407 1129 1467; x_wconf 88' lang='lat' dir='ltr'>libri</span> <span class='ocrx_word' id='word_1_61' title='bbox 1155 1408 1335 1469; x_wconf 86' lang='lat' dir='ltr'><strong>Dawesiani</strong></span> <span class='ocrx_word' id='word_1_62' title='bbox 1360 1424 1480 1468; x_wconf 91' lang='lat' dir='ltr'><strong>novam</strong></span> <span class='ocrx_word' id='word_1_63' title='bbox 1501 1409 1609 1469; x_wconf 88' lang='lat' dir='ltr'><strong>editio·</strong></span> 
     </span>
     <span class='ocr_line' id='line_1_8' title="bbox 337 1507 1608 1586; baseline 0.005 -23"><span class='ocrx_word' id='word_1_64' title='bbox 337 1519 412 1564; x_wconf 87' lang='lat' dir='ltr'><strong>nem</strong></span> <span class='ocrx_word' id='word_1_65' title='bbox 443 1508 569 1566; x_wconf 89' lang='lat' dir='ltr'><strong>curavit</strong></span> <span class='ocrx_word' id='word_1_66' title='bbox 601 1523 685 1568; x_wconf 88' lang='lat' dir='ltr'><strong>anuo</strong></span> <span class='ocrx_word' id='word_1_67' title='bbox 720 1509 814 1582; x_wconf 83' lang='grc'><strong>1781,</strong></span> <span class='ocrx_word' id='word_1_68' title='bbox 838 1508 896 1567; x_wconf 81' lang='lat' dir='ltr'><strong>&#39;lla</strong></span> <span class='ocrx_word' id='word_1_69' title='bbox 920 1507 1071 1583; x_wconf 79' lang='lat' dir='ltr'><strong>nurgess,</strong></span> <span class='ocrx_word' id='word_1_70' title='bbox 1101 1507 1251 1570; x_wconf 82' lang='lat' dir='ltr'><strong>laudasse</strong></span> <span class='ocrx_word' id='word_1_71' title='bbox 1275 1509 1446 1570; x_wconf 90' lang='lat' dir='ltr'><strong>inventum</strong></span> <span class='ocrx_word' id='word_1_72' title='bbox 1471 1509 1608 1586; x_wconf 90' lang='lat' dir='ltr'><strong>Bentlei,</strong></span> 
     </span>
    </p>
   </div>
   <div class='ocr_carea' id='block_1_3' title="bbox 336 1606 1609 4717">
    <p class='ocr_par' dir='ltr' id='par_1_3' title="bbox 337 1606 1609 2397">
     <span class='ocr_line' id='line_1_9' title="bbox 339 1606 1607 1684; baseline 0.006 -20"><span class='ocrx_word' id='word_1_73' title='bbox 339 1606 488 1668; x_wconf 81' lang='lat' dir='ltr'><strong>laudasse</strong></span> <span class='ocrx_word' id='word_1_74' title='bbox 519 1609 656 1670; x_wconf 89' lang='lat' dir='ltr'><strong>Dawosii</strong></span> <span class='ocrx_word' id='word_1_75' title='bbox 688 1625 836 1684; x_wconf 82' lang='lat' dir='ltr'><strong>acrunon,</strong></span> <span class='ocrx_word' id='word_1_76' title='bbox 863 1624 947 1669; x_wconf 89' lang='lat' dir='ltr'><strong>nova</strong></span> <span class='ocrx_word' id='word_1_77' title='bbox 970 1609 1121 1670; x_wconf 88' lang='lat' dir='ltr'><strong>attulisse</strong></span> <span class='ocrx_word' id='word_1_78' title='bbox 1146 1611 1340 1684; x_wconf 89' lang='lat' dir='ltr'><strong>argumenta</strong></span> <span class='ocrx_word' id='word_1_79' title='bbox 1362 1611 1402 1672; x_wconf 92' lang='lat' dir='ltr'><strong>ad</strong></span> <span class='ocrx_word' id='word_1_80' title='bbox 1427 1611 1607 1672; x_wconf 81' lang='lat' dir='ltr'><strong>doctrinam</strong></span> 
     </span>
     <span class='ocr_line' id='line_1_10' title="bbox 338 1707 1607 1790; baseline 0.006 -23"><span class='ocrx_word' id='word_1_81' title='bbox 338 1707 604 1782; x_wconf 88' lang='lat' dir='ltr'><strong>digammaticam</strong></span> <span class='ocrx_word' id='word_1_82' title='bbox 638 1711 891 1773; x_wconf 81' lang='lat' dir='ltr'><strong>confirmandam</strong></span> <span class='ocrx_word' id='word_1_83' title='bbox 923 1745 963 1754; x_wconf 91' lang='lat'>-</span> <span class='ocrx_word' id='word_1_84' title='bbox 993 1712 1025 1771; x_wconf 92' lang='lat' dir='ltr'><strong>in</strong></span> <span class='ocrx_word' id='word_1_85' title='bbox 1061 1711 1111 1772; x_wconf 88' lang='lat' dir='ltr'><strong>his</strong></span> <span class='ocrx_word' id='word_1_86' title='bbox 1145 1713 1351 1790; x_wconf 88' lang='lat' dir='ltr'><strong>perabsurda,</strong></span> <span class='ocrx_word' id='word_1_87' title='bbox 1387 1730 1464 1774; x_wconf 92' lang='lat' dir='ltr'><strong>nam</strong></span> <span class='ocrx_word' id='word_1_88' title='bbox 1498 1713 1607 1774; x_wconf 69' lang='lat' dir='ltr'><strong>iotae</strong></span> 
     </span>
     <span class='ocr_line' id='line_1_11' title="bbox 337 1811 1609 1888; baseline 0.005 -19"><span class='ocrx_word' id='word_1_89' title='bbox 337 1811 449 1870; x_wconf 80' lang='lat' dir='ltr'><strong>scribit</strong></span> <span class='ocrx_word' id='word_1_90' title='bbox 490 1815 524 1870; x_wconf 90' lang='lat' dir='ltr'><strong>et</strong></span> <span class='ocrx_word' id='word_1_91' title='bbox 563 1812 727 1888; x_wconf 67' lang='lat' dir='ltr'><strong>sardonici</strong></span> <span class='ocrx_word' id='word_1_92' title='bbox 761 1816 794 1874; x_wconf 89' lang='lat' dir='ltr'><strong>et</strong></span> <span class='ocrx_word' id='word_1_93' title='bbox 827 1812 948 1872; x_wconf 67' lang='lat' dir='ltr'><strong>siloam</strong></span> <span class='ocrx_word' id='word_1_94' title='bbox 985 1813 1111 1886; x_wconf 87' lang='lat' dir='ltr'><strong>aliaque</strong></span> <span class='ocrx_word' id='word_1_95' title='bbox 1146 1814 1290 1875; x_wconf 88' lang='lat' dir='ltr'><strong>eiusdem</strong></span> <span class='ocrx_word' id='word_1_96' title='bbox 1327 1816 1448 1876; x_wconf 80' lang='lat' dir='ltr'><strong>sannae</strong></span> <span class='ocrx_word' id='word_1_97' title='bbox 1479 1849 1519 1858; x_wconf 90' lang='lat'>-</span> <span class='ocrx_word' id='word_1_98' title='bbox 1552 1815 1609 1876; x_wconf 92' lang='lat' dir='ltr'><strong>sed</strong></span> 
     </span>
     <span class='ocr_line' id='line_1_12' title="bbox 338 1913 1609 1988; baseline 0.005 -18"><span class='ocrx_word' id='word_1_99' title='bbox 338 1927 440 1984; x_wconf 81' lang='lat' dir='ltr'><strong>neque</strong></span> <span class='ocrx_word' id='word_1_100' title='bbox 471 1913 610 1974; x_wconf 91' lang='lat' dir='ltr'><strong>ionicum</strong></span> <span class='ocrx_word' id='word_1_101' title='bbox 643 1931 706 1975; x_wconf 89' lang='lat' dir='ltr'><strong>vau</strong></span> <span class='ocrx_word' id='word_1_102' title='bbox 736 1930 839 1988; x_wconf 87' lang='lat' dir='ltr'><strong>neque</strong></span> <span class='ocrx_word' id='word_1_103' title='bbox 871 1914 1037 1988; x_wconf 82' lang='lat' dir='ltr'><strong>digamma</strong></span> <span class='ocrx_word' id='word_1_104' title='bbox 1068 1915 1227 1976; x_wconf 90' lang='lat' dir='ltr'><strong>aeollcum</strong></span> <span class='ocrx_word' id='word_1_105' title='bbox 1251 1918 1285 1976; x_wconf 92' lang='lat' dir='ltr'><strong>in</strong></span> <span class='ocrx_word' id='word_1_106' title='bbox 1315 1917 1443 1976; x_wconf 82' lang='lat' dir='ltr'><strong>textum</strong></span> <span class='ocrx_word' id='word_1_107' title='bbox 1475 1915 1609 1976; x_wconf 88' lang='lat' dir='ltr'><strong>Homeri</strong></span> 
     </span>
     <span class='ocr_line' id='line_1_13' title="bbox 337 2013 1609 2090; baseline 0.003 -20"><span class='ocrx_word' id='word_1_108' title='bbox 337 2013 554 2074; x_wconf 90' lang='lat' dir='ltr'><strong>invehendum</strong></span> <span class='ocrx_word' id='word_1_109' title='bbox 592 2017 767 2077; x_wconf 84' lang='lat' dir='ltr'><strong>censuisse.</strong></span> <span class='ocrx_word' id='word_1_110' title='bbox 802 2015 843 2075; x_wconf 79' lang='lat' dir='ltr'><strong>ut</strong></span> <span class='ocrx_word' id='word_1_111' title='bbox 876 2015 994 2076; x_wconf 88' lang='lat' dir='ltr'><strong>melius</strong></span> <span class='ocrx_word' id='word_1_112' title='bbox 1029 2017 1099 2075; x_wconf 87' lang='lat' dir='ltr'><strong>erat</strong></span> <span class='ocrx_word' id='word_1_113' title='bbox 1141 2017 1283 2090; x_wconf 88' lang='lat' dir='ltr'><strong>prolecto</strong></span> <span class='ocrx_word' id='word_1_114' title='bbox 1317 2030 1478 2089; x_wconf 86' lang='lat' dir='ltr'><strong>nusquam</strong></span> <span class='ocrx_word' id='word_1_115' title='bbox 1513 2015 1609 2076; x_wconf 88' lang='lat' dir='ltr'><strong>scribi</strong></span> 
     </span>
     <span class='ocr_line' id='line_1_14' title="bbox 338 2114 1609 2195; baseline 0.002 -21"><span class='ocrx_word' id='word_1_116' title='bbox 338 2114 427 2176; x_wconf 92' lang='lat' dir='ltr'><strong>illam</strong></span> <span class='ocrx_word' id='word_1_117' title='bbox 463 2116 604 2178; x_wconf 83' lang='lat' dir='ltr'><strong>litteram</strong></span> <span class='ocrx_word' id='word_1_118' title='bbox 640 2135 738 2193; x_wconf 90' lang='lat' dir='ltr'><strong>quam</strong></span> <span class='ocrx_word' id='word_1_119' title='bbox 774 2133 876 2190; x_wconf 90' lang='lat' dir='ltr'><strong>usque</strong></span> <span class='ocrx_word' id='word_1_120' title='bbox 908 2133 1033 2192; x_wconf 78' lang='lat' dir='ltr'><strong>quaque</strong></span> <span class='ocrx_word' id='word_1_121' title='bbox 1069 2117 1233 2195; x_wconf 89' lang='lat' dir='ltr'><strong>inculcari,</strong></span> <span class='ocrx_word' id='word_1_122' title='bbox 1265 2118 1343 2178; x_wconf 90' lang='lat' dir='ltr'><strong>dum</strong></span> <span class='ocrx_word' id='word_1_123' title='bbox 1379 2116 1609 2177; x_wconf 90' lang='lat' dir='ltr'><strong>vocabulorum</strong></span> 
     </span>
     <span class='ocr_line' id='line_1_15' title="bbox 338 2219 1608 2295; baseline 0.001 -18"><span class='ocrx_word' id='word_1_124' title='bbox 338 2219 464 2278; x_wconf 85' lang='lat' dir='ltr'><strong>natales</strong></span> <span class='ocrx_word' id='word_1_125' title='bbox 491 2220 524 2279; x_wconf 89' lang='lat' dir='ltr'><strong>et</strong></span> <span class='ocrx_word' id='word_1_126' title='bbox 547 2221 757 2282; x_wconf 82' lang='lat' dir='ltr'><strong>conformatio</strong></span> <span class='ocrx_word' id='word_1_127' title='bbox 781 2221 1011 2295; x_wconf 81' lang='lat' dir='ltr'><strong>ignorabantur</strong></span> <span class='ocrx_word' id='word_1_128' title='bbox 1034 2222 1068 2281; x_wconf 90' lang='lat' dir='ltr'><strong>et</strong></span> <span class='ocrx_word' id='word_1_129' title='bbox 1090 2236 1144 2281; x_wconf 91' lang='lat' dir='ltr'><strong>ars</strong></span> <span class='ocrx_word' id='word_1_130' title='bbox 1168 2221 1384 2294; x_wconf 88' lang='lat' dir='ltr'><strong>grammatica</strong></span> <span class='ocrx_word' id='word_1_131' title='bbox 1406 2219 1493 2280; x_wconf 90' lang='lat' dir='ltr'><strong>inani</strong></span> <span class='ocrx_word' id='word_1_132' title='bbox 1517 2219 1608 2292; x_wconf 90' lang='lat' dir='ltr'><strong>origi·</strong></span> 
     </span>
     <span class='ocr_line' id='line_1_16' title="bbox 339 2319 826 2397; baseline 0.01 -19"><span class='ocrx_word' id='word_1_133' title='bbox 339 2319 478 2380; x_wconf 90' lang='lat' dir='ltr'><strong>nationis</strong></span> <span class='ocrx_word' id='word_1_134' title='bbox 501 2321 608 2382; x_wconf 92' lang='lat' dir='ltr'><strong>studio</strong></span> <span class='ocrx_word' id='word_1_135' title='bbox 630 2323 826 2397; x_wconf 84' lang='lat' dir='ltr'><strong>aegrotabat.</strong></span> 
     </span>
    </p>

    <p class='ocr_par' dir='ltr' id='par_1_4' title="bbox 337 2421 1609 2998">
     <span class='ocr_line' id='line_1_17' title="bbox 381 2421 1608 2498; baseline 0.004 -20"><span class='ocrx_word' id='word_1_136' title='bbox 381 2421 523 2481; x_wconf 82' lang='lat' dir='ltr'><strong>Abdum</strong></span> <span class='ocrx_word' id='word_1_137' title='bbox 549 2423 660 2483; x_wconf 91' lang='lat' dir='ltr'><strong>Orbilii</strong></span> <span class='ocrx_word' id='word_1_138' title='bbox 688 2424 738 2498; x_wconf 86' lang='lat' dir='ltr'><strong>,in</strong></span> <span class='ocrx_word' id='word_1_139' title='bbox 762 2425 893 2496; x_wconf 92' lang='lat' dir='ltr'><strong>antiquo</strong></span> <span class='ocrx_word' id='word_1_140' title='bbox 918 2424 985 2483; x_wconf 89' lang='lat' dir='ltr'><strong>luto</strong></span> <span class='ocrx_word' id='word_1_141' title='bbox 1008 2424 1141 2483; x_wconf 89' lang='lat' dir='ltr'><strong>haerere</strong></span> <span class='ocrx_word' id='word_1_142' title='bbox 1164 2439 1199 2483; x_wconf 91' lang='lat' dir='ltr'><strong>se</strong></span> <span class='ocrx_word' id='word_1_143' title='bbox 1224 2423 1343 2484; x_wconf 88' lang='lat' dir='ltr'><strong>malle”</strong></span> <span class='ocrx_word' id='word_1_144' title='bbox 1367 2423 1608 2498; x_wconf 87' lang='lat' dir='ltr'><strong>profitebantur,</strong></span> 
     </span>
     <span class='ocr_line' id='line_1_18' title="bbox 338 2523 1607 2597; baseline 0.003 -18"><span class='ocrx_word' id='word_1_145' title='bbox 338 2536 436 2594; x_wconf 87' lang='lat' dir='ltr'><strong>quam</strong></span> <span class='ocrx_word' id='word_1_146' title='bbox 470 2538 545 2582; x_wconf 90' lang='lat' dir='ltr'><strong>vere</strong></span> <span class='ocrx_word' id='word_1_147' title='bbox 579 2523 722 2584; x_wconf 91' lang='lat' dir='ltr'><strong>dicerent</strong></span> <span class='ocrx_word' id='word_1_148' title='bbox 755 2523 816 2597; x_wconf 91' lang='lat' dir='ltr'><strong>ipsi</strong></span> <span class='ocrx_word' id='word_1_149' title='bbox 852 2539 915 2583; x_wconf 90' lang='lat' dir='ltr'><strong>non</strong></span> <span class='ocrx_word' id='word_1_150' title='bbox 950 2524 1185 2597; x_wconf 85' lang='lat' dir='ltr'><strong>intellegentes,</strong></span> <span class='ocrx_word' id='word_1_151' title='bbox 1221 2525 1253 2583; x_wconf 92' lang='lat' dir='ltr'><strong>in</strong></span> <span class='ocrx_word' id='word_1_152' title='bbox 1288 2525 1455 2584; x_wconf 87' lang='lat' dir='ltr'><strong>Britannia</strong></span> <span class='ocrx_word' id='word_1_153' title='bbox 1484 2525 1607 2583; x_wconf 88' lang='lat' dir='ltr'><strong>sensim</strong></span> 
     </span>
     <span class='ocr_line' id='line_1_19' title="bbox 338 2623 1609 2699; baseline 0.004 -20"><span class='ocrx_word' id='word_1_154' title='bbox 338 2625 572 2694; x_wconf 84' lang='lat' dir='ltr'><strong>perspexerunt</strong></span> <span class='ocrx_word' id='word_1_155' title='bbox 607 2623 667 2684; x_wconf 89' lang='lat' dir='ltr'><strong>viri</strong></span> <span class='ocrx_word' id='word_1_156' title='bbox 702 2623 797 2698; x_wconf 89' lang='lat' dir='ltr'><strong>docti,</strong></span> <span class='ocrx_word' id='word_1_157' title='bbox 831 2623 948 2697; x_wconf 83' lang='lat' dir='ltr'><strong>&#39;laylor</strong></span> <span class='ocrx_word' id='word_1_158' title='bbox 984 2625 1096 2684; x_wconf 88' lang='lat' dir='ltr'><strong>Foster</strong></span> <span class='ocrx_word' id='word_1_159' title='bbox 1126 2625 1234 2698; x_wconf 88' lang='lat' dir='ltr'><strong>Upton</strong></span> <span class='ocrx_word' id='word_1_160' title='bbox 1258 2624 1362 2684; x_wconf 82' lang='lat' dir='ltr'><strong>Salter</strong></span> <span class='ocrx_word' id='word_1_161' title='bbox 1385 2624 1451 2699; x_wconf 89' lang='lat' dir='ltr'><strong>alii,</strong></span> <span class='ocrx_word' id='word_1_162' title='bbox 1475 2639 1538 2684; x_wconf 89' lang='lat' dir='ltr'><strong>non</strong></span> <span class='ocrx_word' id='word_1_163' title='bbox 1562 2624 1609 2684; x_wconf 89' lang='lat' dir='ltr'><strong>ita</strong></span> 
     </span>
     <span class='ocr_line' id='line_1_20' title="bbox 338 2723 1608 2798; baseline 0.002 -18"><span class='ocrx_word' id='word_1_164' title='bbox 338 2725 553 2796; x_wconf 88' lang='lat' dir='ltr'><strong>spernendum</strong></span> <span class='ocrx_word' id='word_1_165' title='bbox 578 2739 650 2784; x_wconf 87' lang='lat' dir='ltr'><strong>esse</strong></span> <span class='ocrx_word' id='word_1_166' title='bbox 675 2723 706 2784; x_wconf 92' lang='lat' dir='ltr'><strong>id</strong></span> <span class='ocrx_word' id='word_1_167' title='bbox 730 2725 813 2796; x_wconf 89' lang='lat' dir='ltr'><strong>quod</strong></span> <span class='ocrx_word' id='word_1_168' title='bbox 837 2724 964 2783; x_wconf 85' lang='lat' dir='ltr'><strong>Bentlei</strong></span> <span class='ocrx_word' id='word_1_169' title='bbox 985 2724 1148 2797; x_wconf 89' lang='lat' dir='ltr'><strong>ingenium</strong></span> <span class='ocrx_word' id='word_1_170' title='bbox 1171 2724 1369 2798; x_wconf 83' lang='lat' dir='ltr'><strong>detexisset;</strong></span> <span class='ocrx_word' id='word_1_171' title='bbox 1394 2723 1510 2797; x_wconf 87' lang='lat' dir='ltr'><strong>quibus</strong></span> <span class='ocrx_word' id='word_1_172' title='bbox 1530 2739 1608 2784; x_wconf 85' lang='lat' dir='ltr'><strong>mox</strong></span> 
     </span>
     <span class='ocr_line' id='line_1_21' title="bbox 337 2823 1606 2899; baseline 0.001 -17"><span class='ocrx_word' id='word_1_173' title='bbox 337 2823 476 2884; x_wconf 88' lang='lat' dir='ltr'><strong>accessit</strong></span> <span class='ocrx_word' id='word_1_174' title='bbox 510 2824 667 2886; x_wconf 87' lang='lat' dir='ltr'><strong>Ricardus</strong></span> <span class='ocrx_word' id='word_1_175' title='bbox 702 2825 810 2896; x_wconf 87' lang='lat' dir='ltr'><strong>Payne</strong></span> <span class='ocrx_word' id='word_1_176' title='bbox 846 2824 985 2898; x_wconf 90' lang='lat' dir='ltr'><strong>Knight:</strong></span> <span class='ocrx_word' id='word_1_177' title='bbox 1021 2823 1203 2897; x_wconf 84' lang='lat' dir='ltr'><strong>Analytical</strong></span> <span class='ocrx_word' id='word_1_178' title='bbox 1234 2839 1330 2899; x_wconf 89' lang='lat' dir='ltr'><strong>essay</strong></span> <span class='ocrx_word' id='word_1_179' title='bbox 1361 2839 1402 2884; x_wconf 93' lang='lat' dir='ltr'><strong>on</strong></span> <span class='ocrx_word' id='word_1_180' title='bbox 1433 2825 1488 2884; x_wconf 86' lang='lat' dir='ltr'><strong>the</strong></span> <span class='ocrx_word' id='word_1_181' title='bbox 1510 2824 1606 2898; x_wconf 85' lang='lat' dir='ltr'><strong>greck</strong></span> 
     </span>
     <span class='ocr_line' id='line_1_22' title="bbox 338 2924 610 2998; baseline 0.015 -16"><span class='ocrx_word' id='word_1_182' title='bbox 338 2924 488 2998; x_wconf 88' lang='lat' dir='ltr'><strong>alphabet</strong></span> <span class='ocrx_word' id='word_1_183' title='bbox 516 2927 610 2986; x_wconf 83' lang='lat'><strong>1791.</strong></span> 
     </span>
    </p>

    <p class='ocr_par' dir='ltr' id='par_1_5' title="bbox 336 3025 1609 4717">
     <span class='ocr_line' id='line_1_23' title="bbox 381 3025 1606 3088; baseline 0.002 -5"><span class='ocrx_word' id='word_1_184' title='bbox 381 3025 481 3084; x_wconf 82' lang='lat' dir='ltr'><strong>Extra</strong></span> <span class='ocrx_word' id='word_1_185' title='bbox 514 3027 700 3088; x_wconf 88' lang='lat' dir='ltr'><strong>Britanniae</strong></span> <span class='ocrx_word' id='word_1_186' title='bbox 735 3027 816 3086; x_wconf 85' lang='lat' dir='ltr'><strong>flues</strong></span> <span class='ocrx_word' id='word_1_187' title='bbox 846 3027 976 3086; x_wconf 87' lang='lat' dir='ltr'><strong>interim</strong></span> <span class='ocrx_word' id='word_1_188' title='bbox 1007 3028 1039 3086; x_wconf 91' lang='lat' dir='ltr'><strong>iu</strong></span> <span class='ocrx_word' id='word_1_189' title='bbox 1063 3027 1128 3087; x_wconf 91' lang='lat' dir='ltr'><strong>alia</strong></span> <span class='ocrx_word' id='word_1_190' title='bbox 1155 3026 1264 3086; x_wconf 89' lang='lat' dir='ltr'><strong>omnia</strong></span> <span class='ocrx_word' id='word_1_191' title='bbox 1287 3026 1484 3087; x_wconf 88' lang='lat' dir='ltr'><strong>inclinabant</strong></span> <span class='ocrx_word' id='word_1_192' title='bbox 1507 3027 1606 3086; x_wconf 89' lang='lat' dir='ltr'><strong>homi·</strong></span> 
     </span>
     <span class='ocr_line' id='line_1_24' title="bbox 337 3126 1606 3201; baseline 0.003 -18"><span class='ocrx_word' id='word_1_193' title='bbox 337 3139 415 3184; x_wconf 89' lang='lat' dir='ltr'><strong>num</strong></span> <span class='ocrx_word' id='word_1_194' title='bbox 450 3128 586 3186; x_wconf 90' lang='lat' dir='ltr'><strong>mentes.</strong></span> <span class='ocrx_word' id='word_1_195' title='bbox 620 3127 690 3187; x_wconf 88' lang='lat' dir='ltr'><strong>Non</strong></span> <span class='ocrx_word' id='word_1_196' title='bbox 721 3129 858 3201; x_wconf 88' lang='lat' dir='ltr'><strong>possunt</strong></span> <span class='ocrx_word' id='word_1_197' title='bbox 889 3141 973 3187; x_wconf 89' lang='lat' dir='ltr'><strong>nunc</strong></span> <span class='ocrx_word' id='word_1_198' title='bbox 1001 3127 1071 3199; x_wconf 89' lang='lat' dir='ltr'><strong>sine</strong></span> <span class='ocrx_word' id='word_1_199' title='bbox 1106 3127 1173 3186; x_wconf 89' lang='lat' dir='ltr'><strong>risu</strong></span> <span class='ocrx_word' id='word_1_200' title='bbox 1204 3126 1266 3200; x_wconf 89' lang='lat' dir='ltr'><strong>legi</strong></span> <span class='ocrx_word' id='word_1_201' title='bbox 1300 3141 1381 3200; x_wconf 85' lang='lat' dir='ltr'><strong>quae</strong></span> <span class='ocrx_word' id='word_1_202' title='bbox 1412 3140 1497 3186; x_wconf 86' lang='lat' dir='ltr'><strong>anno</strong></span> <span class='ocrx_word' id='word_1_203' title='bbox 1522 3127 1606 3187; x_wconf 83' lang='grc'><strong>1745</strong></span> 
     </span>
     <span class='ocr_line' id='line_1_25' title="bbox 337 3223 1607 3305; baseline 0.003 -23"><span class='ocrx_word' id='word_1_204' title='bbox 337 3223 459 3284; x_wconf 83' lang='lat' dir='ltr'><strong>Alberti</strong></span> <span class='ocrx_word' id='word_1_205' title='bbox 484 3225 523 3285; x_wconf 90' lang='lat' dir='ltr'><strong>ad</strong></span> <span class='ocrx_word' id='word_1_206' title='bbox 548 3226 686 3300; x_wconf 86' lang='lat' dir='ltr'><strong>Hesych.</strong></span> <span class='ocrx_word' id='word_1_207' title='bbox 712 3243 738 3288; x_wconf 89' lang='lat' dir='ltr'><strong>s.</strong></span> <span class='ocrx_word' id='word_1_208' title='bbox 764 3242 791 3286; x_wconf 92' lang='lat' dir='ltr'><strong>v.</strong></span> <span class='ocrx_word' id='word_1_209' title='bbox 815 3226 901 3305; x_wconf 80' lang='grc' dir='ltr'><em>γοῖδα</em></span> <span class='ocrx_word' id='word_1_210' title='bbox 926 3227 968 3299; x_wconf 85' lang='lat' dir='ltr'><strong>(ld</strong></span> <span class='ocrx_word' id='word_1_211' title='bbox 993 3228 1044 3286; x_wconf 90' lang='lat' dir='ltr'><strong>est</strong></span> <span class='ocrx_word' id='word_1_212' title='bbox 1066 3225 1168 3296; x_wconf 64' lang='lat' dir='ltr'><strong>loide)</strong></span> <span class='ocrx_word' id='word_1_213' title='bbox 1200 3227 1385 3288; x_wconf 87' lang='lat' dir='ltr'><strong>observavit</strong></span> <span class='ocrx_word' id='word_1_214' title='bbox 1410 3225 1449 3286; x_wconf 92' lang='lat' dir='ltr'><strong>de</strong></span> <span class='ocrx_word' id='word_1_215' title='bbox 1473 3226 1607 3288; x_wconf 89' lang='lat' dir='ltr'><strong>Homeri</strong></span> 
     </span>
     <span class='ocr_line' id='line_1_26' title="bbox 340 3318 1605 3405; baseline 0.002 -21"><span class='ocrx_word' id='word_1_216' title='bbox 340 3341 433 3385; x_wconf 83' lang='lat' dir='ltr'><strong>vorsu</strong></span> <span class='ocrx_word' id='word_1_217' title='bbox 466 3331 489 3384; x_wconf 77' lang='lat' dir='ltr'><strong>il</strong></span> <span class='ocrx_word' id='word_1_218' title='bbox 520 3329 583 3388; x_wconf 79' lang='lat' dir='ltr'><strong>ain</strong></span> <span class='ocrx_word' id='word_1_219' title='bbox 615 3318 647 3387; x_wconf 77' lang='grc' dir='ltr'><strong>εὖ</strong></span> <span class='ocrx_word' id='word_1_220' title='bbox 679 3324 732 3405; x_wconf 80' lang='grc' dir='ltr'><strong>μὲν</strong></span> <span class='ocrx_word' id='word_1_221' title='bbox 755 3326 841 3400; x_wconf 74' lang='grc' dir='ltr'><strong><em>τόξον</em></strong></span> <span class='ocrx_word' id='word_1_222' title='bbox 864 3319 940 3388; x_wconf 80' lang='grc' dir='ltr'><strong>οἶδα.</strong></span> <span class='ocrx_word' id='word_1_223' title='bbox 968 3328 1137 3388; x_wconf 80' lang='lat' dir='ltr'><strong>ltrnestlus</strong></span> <span class='ocrx_word' id='word_1_224' title='bbox 1160 3329 1235 3402; x_wconf 86' lang='lat' dir='ltr'><strong>quid</strong></span> <span class='ocrx_word' id='word_1_225' title='bbox 1259 3327 1422 3390; x_wconf 88' lang='lat' dir='ltr'><strong>censuerit</strong></span> <span class='ocrx_word' id='word_1_226' title='bbox 1445 3327 1605 3400; x_wconf 88' lang='lat' dir='ltr'><strong>vidimus;</strong></span> 
     </span>
     <span class='ocr_line' id='line_1_27' title="bbox 337 3429 1605 3505; baseline 0 -17"><span class='ocrx_word' id='word_1_227' title='bbox 337 3429 462 3489; x_wconf 84' lang='lat' dir='ltr'><strong>arnicas</strong></span> <span class='ocrx_word' id='word_1_228' title='bbox 495 3431 567 3491; x_wconf 83' lang='lat' dir='ltr'><strong>eins</strong></span> <span class='ocrx_word' id='word_1_229' title='bbox 600 3431 820 3505; x_wconf 86' lang='lat' dir='ltr'><strong>ltulmkenius,</strong></span> <span class='ocrx_word' id='word_1_230' title='bbox 851 3429 879 3491; x_wconf 90' lang='lat' dir='ltr'><strong>is</strong></span> <span class='ocrx_word' id='word_1_231' title='bbox 911 3431 1022 3490; x_wconf 78' lang='lat' dir='ltr'><strong>tamma</strong></span> <span class='ocrx_word' id='word_1_232' title='bbox 1053 3445 1115 3490; x_wconf 92' lang='lat' dir='ltr'><strong>nou</strong></span> <span class='ocrx_word' id='word_1_233' title='bbox 1141 3431 1251 3490; x_wconf 91' lang='lat' dir='ltr'><strong>doctor</strong></span> <span class='ocrx_word' id='word_1_234' title='bbox 1273 3429 1484 3504; x_wconf 89' lang='lat' dir='ltr'><strong>umbraticus,</strong></span> <span class='ocrx_word' id='word_1_235' title='bbox 1508 3443 1605 3502; x_wconf 91' lang='lat' dir='ltr'><strong>quam</strong></span> 
     </span>
     <span class='ocr_line' id='line_1_28' title="bbox 338 3529 1607 3604; baseline 0.002 -16"><span class='ocrx_word' id='word_1_236' title='bbox 338 3529 414 3590; x_wconf 77' lang='lat' dir='ltr'><strong>nillil</strong></span> <span class='ocrx_word' id='word_1_237' title='bbox 451 3531 598 3592; x_wconf 83' lang='lat' dir='ltr'><strong>tribuerit</strong></span> <span class='ocrx_word' id='word_1_238' title='bbox 632 3532 760 3594; x_wconf 84' lang='lat' dir='ltr'><strong>litterae</strong></span> <span class='ocrx_word' id='word_1_239' title='bbox 793 3533 816 3590; x_wconf 65' lang='lat' dir='ltr'><strong>t</strong></span> <span class='ocrx_word' id='word_1_240' title='bbox 846 3532 931 3594; x_wconf 87' lang='lat' dir='ltr'><strong>olore</strong></span> <span class='ocrx_word' id='word_1_241' title='bbox 962 3533 1055 3592; x_wconf 89' lang='lat' dir='ltr'><strong>docet</strong></span> <span class='ocrx_word' id='word_1_242' title='bbox 1085 3532 1182 3591; x_wconf 89' lang='lat' dir='ltr'><strong>editio</strong></span> <span class='ocrx_word' id='word_1_243' title='bbox 1208 3531 1321 3604; x_wconf 86' lang='lat' dir='ltr'><strong>lrymnl</strong></span> <span class='ocrx_word' id='word_1_244' title='bbox 1346 3529 1471 3592; x_wconf 82' lang='lat' dir='ltr'><strong>Cereris</strong></span> <span class='ocrx_word' id='word_1_245' title='bbox 1495 3546 1607 3590; x_wconf 85' lang='lat' dir='ltr'><strong>recens</strong></span> 
     </span>
     <span class='ocr_line' id='line_1_29' title="bbox 337 3631 1606 3709; baseline 0.001 -17"><span class='ocrx_word' id='word_1_246' title='bbox 337 3633 454 3707; x_wconf 85' lang='lat' dir='ltr'><strong>roperti</strong></span> <span class='ocrx_word' id='word_1_247' title='bbox 488 3634 564 3694; x_wconf 89' lang='lat' dir='ltr'><strong>armi</strong></span> <span class='ocrx_word' id='word_1_248' title='bbox 601 3635 684 3694; x_wconf 87' lang='grc'><strong>1782</strong></span> <span class='ocrx_word' id='word_1_249' title='bbox 717 3631 756 3709; x_wconf 85' lang='lat'><strong>¹);</strong></span> <span class='ocrx_word' id='word_1_250' title='bbox 798 3635 867 3695; x_wconf 89' lang='lat' dir='ltr'><strong>tota</strong></span> <span class='ocrx_word' id='word_1_251' title='bbox 900 3634 979 3694; x_wconf 89' lang='lat' dir='ltr'><strong>haec</strong></span> <span class='ocrx_word' id='word_1_252' title='bbox 1018 3632 1164 3707; x_wconf 86' lang='lat' dir='ltr'><strong>quaestio</strong></span> <span class='ocrx_word' id='word_1_253' title='bbox 1201 3648 1276 3693; x_wconf 90' lang='lat' dir='ltr'><strong>eum</strong></span> <span class='ocrx_word' id='word_1_254' title='bbox 1313 3633 1434 3707; x_wconf 80' lang='lat' dir='ltr'><strong>fugisse</strong></span> <span class='ocrx_word' id='word_1_255' title='bbox 1470 3631 1606 3693; x_wconf 89' lang='lat' dir='ltr'><strong>videtur.</strong></span> 
     </span>
     <span class='ocr_line' id='line_1_30' title="bbox 337 3733 1606 3797; baseline 0.001 -4"><span class='ocrx_word' id='word_1_256' title='bbox 337 3735 587 3796; x_wconf 89' lang='lat' dir='ltr'><strong>Valckenaerius</strong></span> <span class='ocrx_word' id='word_1_257' title='bbox 622 3736 731 3796; x_wconf 88' lang='lat' dir='ltr'><strong>autem</strong></span> <span class='ocrx_word' id='word_1_258' title='bbox 763 3736 838 3797; x_wconf 90' lang='lat' dir='ltr'><strong>licet</strong></span> <span class='ocrx_word' id='word_1_259' title='bbox 869 3735 993 3796; x_wconf 89' lang='lat' dir='ltr'><strong>inventi</strong></span> <span class='ocrx_word' id='word_1_260' title='bbox 1025 3733 1204 3795; x_wconf 87' lang='lat' dir='ltr'><strong>Bentlelani</strong></span> <span class='ocrx_word' id='word_1_261' title='bbox 1228 3735 1428 3795; x_wconf 90' lang='lat' dir='ltr'><strong>mentionem</strong></span> <span class='ocrx_word' id='word_1_262' title='bbox 1453 3735 1552 3795; x_wconf 86' lang='lat' dir='ltr'><strong>faciat</strong></span> <span class='ocrx_word' id='word_1_263' title='bbox 1574 3735 1606 3794; x_wconf 92' lang='lat' dir='ltr'><strong>ln</strong></span> 
     </span>
     <span class='ocr_line' id='line_1_31' title="bbox 337 3837 1608 3914; baseline 0.002 -18"><span class='ocrx_word' id='word_1_264' title='bbox 337 3837 473 3910; x_wconf 88' lang='lat' dir='ltr'><strong>epistola</strong></span> <span class='ocrx_word' id='word_1_265' title='bbox 507 3839 546 3896; x_wconf 86' lang='lat' dir='ltr'><strong>ad</strong></span> <span class='ocrx_word' id='word_1_266' title='bbox 579 3837 740 3898; x_wconf 83' lang='lat' dir='ltr'><strong>Itbvcrum</strong></span> <span class='ocrx_word' id='word_1_267' title='bbox 776 3853 805 3912; x_wconf 97' lang='lat' dir='ltr'><strong>p.</strong></span> <span class='ocrx_word' id='word_1_268' title='bbox 832 3839 883 3914; x_wconf 91' lang='grc'><strong>72,</strong></span> <span class='ocrx_word' id='word_1_269' title='bbox 915 3852 978 3898; x_wconf 92' lang='lat' dir='ltr'><strong>non</strong></span> <span class='ocrx_word' id='word_1_270' title='bbox 1010 3839 1120 3898; x_wconf 89' lang='lat' dir='ltr'><strong>tamen</strong></span> <span class='ocrx_word' id='word_1_271' title='bbox 1151 3837 1294 3896; x_wconf 88' lang='lat' dir='ltr'><strong>sensisse</strong></span> <span class='ocrx_word' id='word_1_272' title='bbox 1320 3837 1453 3910; x_wconf 87' lang='lat' dir='ltr'><strong>sequid</strong></span> <span class='ocrx_word' id='word_1_273' title='bbox 1478 3837 1608 3898; x_wconf 88' lang='lat' dir='ltr'><strong>intersit</strong></span> 
     </span>
     <span class='ocr_line' id='line_1_32' title="bbox 336 3926 1607 4022; baseline 0 -23"><span class='ocrx_word' id='word_1_274' title='bbox 336 3939 420 4000; x_wconf 89' lang='lat' dir='ltr'><strong>inter</strong></span> <span class='ocrx_word' id='word_1_275' title='bbox 443 3956 597 4001; x_wconf 90' lang='lat' dir='ltr'><strong>versuum</strong></span> <span class='ocrx_word' id='word_1_276' title='bbox 622 3943 729 4002; x_wconf 78' lang='lat' dir='ltr'><strong>xasa</strong></span> <span class='ocrx_word' id='word_1_277' title='bbox 751 3943 784 4001; x_wconf 85' lang='lat' dir='ltr'><strong>et</strong></span> <span class='ocrx_word' id='word_1_278' title='bbox 804 3944 832 3998; x_wconf 88' lang='lat' dir='ltr'><em>A</em></span> <span class='ocrx_word' id='word_1_279' title='bbox 853 3941 895 4000; x_wconf 90' lang='grc'><strong>70</strong></span> <span class='ocrx_word' id='word_1_280' title='bbox 918 3939 1010 4000; x_wconf 92' lang='lat' dir='ltr'><strong>initia</strong></span> <span class='ocrx_word' id='word_1_281' title='bbox 1033 3926 1076 4010; x_wconf 69' lang='grc' dir='ltr'><strong>(ὃς</strong></span> <span class='ocrx_word' id='word_1_282' title='bbox 1100 3935 1181 4014; x_wconf 68' lang='grc' dir='ltr'><strong><em>ἔτλης</em></strong></span> <span class='ocrx_word' id='word_1_283' title='bbox 1206 3941 1240 3999; x_wconf 90' lang='lat' dir='ltr'><strong>et</strong></span> <span class='ocrx_word' id='word_1_284' title='bbox 1262 3926 1295 4010; x_wconf 71' lang='grc' dir='ltr'><strong>ὃς</strong></span> <span class='ocrx_word' id='word_1_285' title='bbox 1318 3935 1389 4022; x_wconf 73' lang='grc' dir='ltr'><strong>ᾔδη)</strong></span> <span class='ocrx_word' id='word_1_286' title='bbox 1413 3939 1607 3999; x_wconf 80' lang='lat' dir='ltr'><strong>ostenditis</strong></span> 
     </span>
     <span class='ocr_line' id='line_1_33' title="bbox 336 4039 1607 4116; baseline -0.002 -15"><span class='ocrx_word' id='word_1_287' title='bbox 336 4041 614 4102; x_wconf 88' lang='lat' dir='ltr'><strong>observationibus</strong></span> <span class='ocrx_word' id='word_1_288' title='bbox 648 4043 717 4102; x_wconf 90' lang='lat' dir='ltr'><strong>suis</strong></span> <span class='ocrx_word' id='word_1_289' title='bbox 751 4042 791 4101; x_wconf 90' lang='lat' dir='ltr'><strong>ad</strong></span> <span class='ocrx_word' id='word_1_290' title='bbox 827 4041 938 4103; x_wconf 90' lang='lat' dir='ltr'><strong>Iliadis</strong></span> <span class='ocrx_word' id='word_1_291' title='bbox 970 4041 1087 4101; x_wconf 90' lang='lat' dir='ltr'><strong>librum</strong></span> <span class='ocrx_word' id='word_1_292' title='bbox 1120 4039 1215 4100; x_wconf 85' lang='lat' dir='ltr'>XXII</span> <span class='ocrx_word' id='word_1_293' title='bbox 1247 4045 1288 4115; x_wconf 87' lang='lat' dir='ltr'><strong>(p.</strong></span> <span class='ocrx_word' id='word_1_294' title='bbox 1315 4041 1378 4116; x_wconf 78' lang='lat'><strong>54),</strong></span> <span class='ocrx_word' id='word_1_295' title='bbox 1402 4055 1484 4113; x_wconf 89' lang='lat' dir='ltr'><strong>quae</strong></span> <span class='ocrx_word' id='word_1_296' title='bbox 1508 4040 1607 4099; x_wconf 88' lang='lat' dir='ltr'><strong>simul</strong></span> 
     </span>
     <span class='ocr_line' id='line_1_34' title="bbox 337 4141 1606 4218; baseline -0.001 -16"><span class='ocrx_word' id='word_1_297' title='bbox 337 4158 411 4203; x_wconf 91' lang='lat' dir='ltr'><strong>cum</strong></span> <span class='ocrx_word' id='word_1_298' title='bbox 446 4143 501 4203; x_wconf 92' lang='lat' dir='ltr'><strong>illa</strong></span> <span class='ocrx_word' id='word_1_299' title='bbox 534 4142 671 4218; x_wconf 88' lang='lat' dir='ltr'><strong>epistola</strong></span> <span class='ocrx_word' id='word_1_300' title='bbox 704 4143 890 4216; x_wconf 89' lang='lat' dir='ltr'><strong>prodierunt</strong></span> <span class='ocrx_word' id='word_1_301' title='bbox 925 4149 1018 4213; x_wconf 87' lang='lat' dir='ltr'><strong>(anno</strong></span> <span class='ocrx_word' id='word_1_302' title='bbox 1053 4143 1167 4216; x_wconf 85' lang='grc'><strong>1747);</strong></span> <span class='ocrx_word' id='word_1_303' title='bbox 1201 4142 1372 4202; x_wconf 89' lang='lat' dir='ltr'><strong>videantur</strong></span> <span class='ocrx_word' id='word_1_304' title='bbox 1401 4141 1500 4201; x_wconf 88' lang='lat' dir='ltr'><strong>etiam</strong></span> <span class='ocrx_word' id='word_1_305' title='bbox 1525 4156 1606 4214; x_wconf 87' lang='lat' dir='ltr'><strong>quae</strong></span> 
     </span>
     <span class='ocr_line' id='line_1_35' title="bbox 337 4241 1606 4316; baseline -0.002 -14"><span class='ocrx_word' id='word_1_306' title='bbox 337 4258 420 4302; x_wconf 89' lang='lat' dir='ltr'><strong>anno</strong></span> <span class='ocrx_word' id='word_1_307' title='bbox 446 4245 529 4303; x_wconf 82' lang='grc'><strong>1773</strong></span> <span class='ocrx_word' id='word_1_308' title='bbox 554 4243 594 4302; x_wconf 90' lang='lat' dir='ltr'><strong>ad</strong></span> <span class='ocrx_word' id='word_1_309' title='bbox 618 4243 811 4302; x_wconf 89' lang='lat' dir='ltr'><strong>Adoniazus.</strong></span> <span class='ocrx_word' id='word_1_310' title='bbox 836 4258 865 4316; x_wconf 89' lang='lat' dir='ltr'><strong>p.</strong></span> <span class='ocrx_word' id='word_1_311' title='bbox 889 4245 952 4302; x_wconf 82' lang='lat'><strong>356</strong></span> <span class='ocrx_word' id='word_1_312' title='bbox 974 4242 1152 4302; x_wconf 90' lang='lat' dir='ltr'><strong>annotavit.</strong></span> <span class='ocrx_word' id='word_1_313' title='bbox 1173 4243 1245 4315; x_wconf 86' lang='lat' dir='ltr'><strong>lpse</strong></span> <span class='ocrx_word' id='word_1_314' title='bbox 1266 4241 1413 4316; x_wconf 89' lang='lat' dir='ltr'><strong>Woliins,</strong></span> <span class='ocrx_word' id='word_1_315' title='bbox 1430 4256 1492 4314; x_wconf 87' lang='lat' dir='ltr'><strong>quo</strong></span> <span class='ocrx_word' id='word_1_316' title='bbox 1511 4256 1606 4300; x_wconf 92' lang='lat' dir='ltr'><strong>nemo</strong></span> 
     </span>
     <span class='ocr_line' id='line_1_36' title="bbox 338 4341 1606 4416; baseline 0 -16"><span class='ocrx_word' id='word_1_317' title='bbox 338 4342 476 4402; x_wconf 91' lang='lat' dir='ltr'><strong>vividius</strong></span> <span class='ocrx_word' id='word_1_318' title='bbox 506 4343 689 4403; x_wconf 87' lang='lat' dir='ltr'><strong>Bentleium</strong></span> <span class='ocrx_word' id='word_1_319' title='bbox 723 4342 953 4416; x_wconf 86' lang='lat' dir='ltr'><strong>admirabatur,</strong></span> <span class='ocrx_word' id='word_1_320' title='bbox 984 4343 1076 4403; x_wconf 88' lang='lat' dir='ltr'><strong>initio</strong></span> <span class='ocrx_word' id='word_1_321' title='bbox 1104 4341 1201 4401; x_wconf 90' lang='lat' dir='ltr'><strong>huius</strong></span> <span class='ocrx_word' id='word_1_322' title='bbox 1234 4357 1296 4414; x_wconf 92' lang='lat' dir='ltr'><strong>quo</strong></span> <span class='ocrx_word' id='word_1_323' title='bbox 1321 4341 1464 4401; x_wconf 90' lang='lat' dir='ltr'><strong>vivimus</strong></span> <span class='ocrx_word' id='word_1_324' title='bbox 1486 4341 1606 4400; x_wconf 88' lang='lat' dir='ltr'><strong>saeculi</strong></span> 
     </span>
     <span class='ocr_line' id='line_1_37' title="bbox 336 4441 1604 4517; baseline -0.002 -16"><span class='ocrx_word' id='word_1_325' title='bbox 336 4443 502 4515; x_wconf 87' lang='lat' dir='ltr'><strong>digamma</strong></span> <span class='ocrx_word' id='word_1_326' title='bbox 533 4441 669 4503; x_wconf 88' lang='lat' dir='ltr'><strong>vocabat</strong></span> <span class='ocrx_word' id='word_1_327' title='bbox 702 4442 822 4517; x_wconf 88' lang='lat' dir='ltr'><strong>,senile</strong></span> <span class='ocrx_word' id='word_1_328' title='bbox 854 4443 1027 4502; x_wconf 88' lang='lat' dir='ltr'><strong>ludibrium</strong></span> <span class='ocrx_word' id='word_1_329' title='bbox 1058 4441 1178 4515; x_wconf 89' lang='lat' dir='ltr'><strong>ingenii</strong></span> <span class='ocrx_word' id='word_1_330' title='bbox 1209 4442 1423 4502; x_wconf 88' lang='lat' dir='ltr'><strong>Bentleiani”.</strong></span> <span class='ocrx_word' id='word_1_331' title='bbox 1449 4441 1516 4516; x_wconf 82' lang='lat' dir='ltr'><strong>Quo</strong></span> <span class='ocrx_word' id='word_1_332' title='bbox 1541 4456 1604 4500; x_wconf 89' lang='lat' dir='ltr'><strong>ma·</strong></span> 
     </span>
     <span class='ocr_line' id='line_1_38' title="bbox 336 4541 1609 4618; baseline -0.002 -17"><span class='ocrx_word' id='word_1_333' title='bbox 336 4543 403 4602; x_wconf 90' lang='lat' dir='ltr'><strong>iore</strong></span> <span class='ocrx_word' id='word_1_334' title='bbox 426 4541 520 4601; x_wconf 90' lang='lat' dir='ltr'><strong>laude</strong></span> <span class='ocrx_word' id='word_1_335' title='bbox 543 4542 657 4615; x_wconf 89' lang='lat' dir='ltr'><strong>dignus</strong></span> <span class='ocrx_word' id='word_1_336' title='bbox 682 4545 733 4602; x_wconf 90' lang='lat' dir='ltr'><strong>est</strong></span> <span class='ocrx_word' id='word_1_337' title='bbox 756 4543 794 4618; x_wconf 90' lang='lat' dir='ltr'><strong>is,</strong></span> <span class='ocrx_word' id='word_1_338' title='bbox 819 4542 875 4613; x_wconf 88' lang='lat' dir='ltr'><strong>qul</strong></span> <span class='ocrx_word' id='word_1_339' title='bbox 897 4543 1022 4615; x_wconf 89' lang='lat' dir='ltr'><strong>primus</strong></span> <span class='ocrx_word' id='word_1_340' title='bbox 1045 4541 1077 4600; x_wconf 88' lang='lat' dir='ltr'><strong>tn</strong></span> <span class='ocrx_word' id='word_1_341' title='bbox 1106 4541 1280 4601; x_wconf 86' lang='lat' dir='ltr'><strong>Germania</strong></span> <span class='ocrx_word' id='word_1_342' title='bbox 1303 4555 1415 4614; x_wconf 86' lang='lat' dir='ltr'><strong>sapere</strong></span> <span class='ocrx_word' id='word_1_343' title='bbox 1436 4555 1536 4600; x_wconf 87' lang='lat' dir='ltr'><strong>ausus</strong></span> <span class='ocrx_word' id='word_1_344' title='bbox 1557 4542 1609 4600; x_wconf 87' lang='lat' dir='ltr'><strong>est</strong></span> 
     </span>
     <span class='ocr_line' id='line_1_39' title="bbox 337 4640 1607 4717; baseline -0.002 -15"><span class='ocrx_word' id='word_1_345' title='bbox 337 4645 370 4702; x_wconf 88' lang='lat' dir='ltr'><strong>et</strong></span> <span class='ocrx_word' id='word_1_346' title='bbox 404 4656 460 4716; x_wconf 92' lang='lat' dir='ltr'><strong>pro</strong></span> <span class='ocrx_word' id='word_1_347' title='bbox 495 4643 585 4716; x_wconf 87' lang='lat' dir='ltr'><strong>parte</strong></span> <span class='ocrx_word' id='word_1_348' title='bbox 621 4642 705 4702; x_wconf 89' lang='lat' dir='ltr'><strong>virili</strong></span> <span class='ocrx_word' id='word_1_349' title='bbox 736 4656 867 4717; x_wconf 91' lang='lat' dir='ltr'><strong>operam</strong></span> <span class='ocrx_word' id='word_1_350' title='bbox 899 4643 986 4703; x_wconf 91' lang='lat' dir='ltr'><strong>dedit</strong></span> <span class='ocrx_word' id='word_1_351' title='bbox 1018 4643 1057 4700; x_wconf 90' lang='lat' dir='ltr'><strong>ut</strong></span> <span class='ocrx_word' id='word_1_352' title='bbox 1083 4655 1201 4702; x_wconf 91' lang='lat' dir='ltr'><strong>novam</strong></span> <span class='ocrx_word' id='word_1_353' title='bbox 1225 4640 1405 4703; x_wconf 87' lang='lat' dir='ltr'><strong>doctrinam</strong></span> <span class='ocrx_word' id='word_1_354' title='bbox 1429 4641 1607 4714; x_wconf 86' lang='lat' dir='ltr'><strong>excolerct;</strong></span> 
     </span>
    </p>
   </div>
   <div class='ocr_carea' id='block_1_4' title="bbox 374 4865 1111 4936">
    <p class='ocr_par' dir='ltr' id='par_1_6' title="bbox 374 4865 1111 4936">
     <span class='ocr_line' id='line_1_40' title="bbox 374 4865 1111 4936; baseline -0.007 -20"><span class='ocrx_word' id='word_1_355' title='bbox 374 4865 394 4936; x_wconf 86' lang='lat'><strong>¹)</strong></span> <span class='ocrx_word' id='word_1_356' title='bbox 411 4869 456 4916; x_wconf 74' lang='lat' dir='ltr'><strong>lta.</strong></span> <span class='ocrx_word' id='word_1_357' title='bbox 474 4883 512 4930; x_wconf 84' lang='lat' dir='ltr'><strong>gr.</strong></span> <span class='ocrx_word' id='word_1_358' title='bbox 530 4883 566 4917; x_wconf 83' lang='lat' dir='ltr'><strong>re.</strong></span> <span class='ocrx_word' id='word_1_359' title='bbox 585 4871 633 4918; x_wconf 79' lang='lat' dir='ltr'><strong>aaa</strong></span> <span class='ocrx_word' id='word_1_360' title='bbox 652 4884 697 4932; x_wconf 90' lang='lat' dir='ltr'><strong>pro</strong></span> <span class='ocrx_word' id='word_1_361' title='bbox 714 4873 769 4936; x_wconf 68' lang='grc' dir='ltr'><strong>πρὶν</strong></span> <span class='ocrx_word' id='word_1_362' title='bbox 785 4869 831 4918; x_wconf 68' lang='lat' dir='ltr'><strong>lde«</strong></span> <span class='ocrx_word' id='word_1_363' title='bbox 849 4869 933 4930; x_wconf 83' lang='lat' dir='ltr'><strong>poscit</strong></span> <span class='ocrx_word' id='word_1_364' title='bbox 949 4871 1004 4932; x_wconf 64' lang='lat' dir='ltr'><strong>apte</strong></span> <span class='ocrx_word' id='word_1_365' title='bbox 1021 4867 1040 4926; x_wconf 65' lang='grc' dir='ltr'><strong>γ’</strong></span> <span class='ocrx_word' id='word_1_366' title='bbox 1059 4865 1111 4912; x_wconf 73' lang='lat' dir='ltr'><strong>rto«.</strong></span> 
     </span>
    </p>
   </div>
   <div class='ocr_carea' id='block_1_5' title="bbox 0 0 1972 5706">
    <p class='ocr_par' dir='ltr' id='par_1_7' title="bbox 0 0 1972 5706">
     <span class='ocr_line' id='line_1_41' title="bbox 0 0 1972 5706; baseline 0 0"><span class='ocrx_word' id='word_1_367' title='bbox 0 0 1972 5706; x_wconf 95' lang='lat' dir='ltr'><strong> </strong></span> 
     </span>
    </p>
   </div>
  </div>
 </body>
</html>
