3934 5706
235 733 254 804 5
277 733 331 805 38]
841 729 904 790 125

237 919 430 980 mancorum
461 917 599 978 editione
630 913 743 975 scribit
773 909 897 992 φθὲρρω
926 912 1037 994 solave
1067 911 1202 992 aptae,
1231 917 1312 977 item
1336 913 1447 997 χέρρων
1470 923 1504 981 et

235 1017 464 1097 ποιλυβόιερρα,
490 1018 547 1078 sed
571 1014 783 1090 comparativi
806 1011 936 1092 ἀμείνων
960 1015 1204 1106 diphthongum,
1228 1031 1325 1091 quam
1350 1022 1462 1082 tamen
1486 1038 1504 1083 e

237 1119 443 1197 productione
485 1118 681 1194 suppletoria
723 1117 881 1192 prodiisse
923 1117 1043 1179 diserte
1078 1118 1155 1179 dicit
1189 1135 1216 1180 e.
1251 1135 1281 1194 g.
1317 1122 1503 1198 Bragmann

237 1222 257 1282 l.
271 1220 291 1282 l.
316 1221 334 1292 5
358 1221 410 1295 54,
442 1219 598 1281 intactam
630 1219 709 1280 sinit
739 1219 892 1292 quoniam
916 1219 1056 1279 vetustis
1081 1219 1343 1295 inscriptionibus
1366 1224 1503 1287 delendi·

237 1325 290 1384 tur
313 1325 344 1394 ¹).
368 1321 460 1382 Talia
482 1321 510 1381 si
532 1321 691 1397 placeant,
723 1321 845 1381 instare
870 1321 996 1380 videtur
1023 1321 1201 1395 periculum
1227 1336 1266 1382 ne
1290 1327 1505 1397 grammatica

237 1427 389 1487 obruatur
410 1423 579 1499 lapidibus,
599 1438 663 1483 non
683 1422 845 1483 fulciatur.
866 1422 955 1482 Adde
976 1421 1059 1495 quod
1078 1421 1140 1496 ipsi
1164 1422 1223 1483 viri
1246 1423 1342 1500 docti,
1367 1440 1503 1500 quorum

237 1526 418 1602 opinionem
449 1525 544 1585 modo
575 1523 757 1598 attulimus,
781 1521 814 1582 in
840 1522 969 1583 diversa
992 1522 1113 1583 abeunt
1136 1523 1213 1583 dum
1237 1524 1400 1599 explicant
1421 1544 1504 1602 quae

237 1626 457 1689 intercesserit
479 1625 562 1685 ratio
585 1624 670 1685 inter
692 1639 804 1684 veram
827 1623 1062 1698 diphthongum
1081 1645 1106 1684 ει
1129 1628 1198 1695 (τε
1213 1633 1249 1692 -l-
1264 1628 1285 1695 ι)
1309 1629 1343 1687 at
1360 1630 1504 1704 spuriam

237 1735 305 1802 (ει
321 1737 385 1796 ÷r
416 1729 474 1788 aut
496 1745 554 1784 =a
577 1725 798 1800 productum),
819 1725 902 1785 hanc
925 1723 973 1786 illi
1000 1724 1138 1786 Athenis
1165 1725 1288 1786 sensim
1312 1727 1503 1793 similiorem

238 1833 357 1893 iactam
382 1846 455 1892 esse
478 1829 572 1904 putat
590 1828 685 1888 Blass
704 1827 920 1903 Ausspraoha²
941 1843 970 1902 p.
992 1827 1035 1887 30
1054 1826 1105 1898 (ci.
1127 1827 1340 1890 llleisterhans
1360 1831 1504 1895 Gramm.

238 1935 268 1994 d.
289 1949 317 1994 a.
337 1931 473 1994 inschr.²
492 1945 522 2004 p.
544 1929 608 2004 28),
632 1930 820 2003 Bragmann
843 1929 956 1989 eontra
979 1927 1123 1989 Gramm.
1145 1929 1163 1999 ἓ
1186 1931 1226 1990 lo
1250 1933 1362 1992 censet
1384 1935 1503 1995 utram-

239 2055 300 2114 que
330 2037 459 2100 saeculo
489 2035 601 2109 quinto
633 2035 665 2094 ln
696 2051 750 2096 ore
781 2033 1031 2095 Atheniensium
1063 2036 1211 2096 sonuisse
1234 2043 1260 2097 a.
1288 2037 1334 2098 Ut
1357 2042 1506 2117 exemplo

240 2141 380 2214 utamur,
411 2139 445 2199 et
474 2127 532 2213 εἶμι
563 2137 596 2196 et
627 2134 687 2212 εἰμί
715 2138 860 2211 tempore
891 2135 967 2197 belli
990 2136 1253 2211 Peloponnesiaci
1275 2139 1349 2199 emi
1370 2155 1506 2217 pronun·

240 2243 324 2303 cleia
346 2255 420 2302 esse
442 2239 536 2314 putat
557 2237 662 2310 Blass,
685 2237 748 2298 emi
770 2238 967 2311 Brugmann.

283 2340 517 2418 Disputationis
546 2339 677 2400 nostrae
708 2355 840 2400 summa
870 2355 908 2401 eo
938 2339 1031 2416 redit,
1064 2342 1102 2401 ut
1132 2342 1244 2403 textus
1267 2343 1379 2405 traditi
1402 2345 1505 2408 incon·

241 2442 397 2505 stantiam
431 2442 597 2503 ferendam
631 2442 794 2517 putemus,
828 2455 892 2501 non
927 2442 1011 2515 quod
1044 2457 1156 2504 verum
1189 2444 1234 2504 sit
1263 2445 1419 2520 traditum
1451 2450 1507 2510 ssd

241 2544 325 2617 quod
348 2543 513 2618 ignoratur
536 2557 660 2603 verum.

285 2706 416 2783 Spirans
438 2721 456 2764 σ
478 2705 681 2782 praecedenti
710 2703 850 2778 liquidae
872 2707 889 2763 t
913 2703 964 2766 vel
988 2726 1006 2784 ρ
1029 2704 1114 2766 solet
1144 2704 1339 2768 assimulari.
1372 2709 1410 2770 In
1442 2711 1507 2785 qui·

241 2809 375 2870 busdam
407 2811 519 2872 tamen
550 2806 715 2868 vocabulis
741 2805 871 2868 litterae
905 2809 940 2866 ie
966 2808 999 2868 et
1021 2822 1058 2886 ρσ
1079 2806 1274 2870 immutatae
1298 2816 1506 2875 manserunt:

242 2907 328 2985 ἄλσος
358 2907 459 2973 τέλσον
488 2905 589 2988 χέρσος
621 2904 729 2988 mpori
760 2904 855 2987 ἅρσην
885 2905 998 2989 πυρσός
1028 2906 1134 2989 ταρσός
1165 2907 1258 2990 κόρση
1288 2909 1408 2992 θαρσὲω
1434 2918 1506 2992 stc.;

243 3015 321 3076 adde
345 3013 516 3077 nonnullos
539 3011 678 3074 aoristoe
697 3013 869 3073 verborum
889 3011 1129 3089 liquidaiorum,
1154 3013 1193 3074 de
1212 3013 1329 3088 quibua
1347 3017 1387 3078 ci.
1400 3018 1419 3088 t
1432 3019 1506 3098 254,
1579 3025 1582 3032 “

243 3117 276 3178 et
296 3117 424 3178 dativos
446 3111 515 3175 titi
534 3113 616 3196 χερσί
635 3115 695 3176 etc.
721 3128 741 3174 a
762 3113 923 3176 radicibus
945 3129 1026 3187 quas
1048 3114 1169 3176 claudit
1190 3115 1301 3177 littera
1322 3139 1350 3197 ρ.

285 3219 393 3279 Etiam
416 3217 559 3279 verbalia
581 3215 775 3296 παράγγελσις
804 3211 921 3294 ὄγερσις
947 3211 1031 3294 ἄρσις
1053 3215 1200 3295 κάθαρσις
1221 3216 1360 3298 κᾶταρσις
1385 3215 1508 3302 τέκμαρ-

244 3335 287 3391 σις
317 3315 428 3396 lespera
457 3313 617 3396 ὀλόφυρσις
647 3321 708 3382 etc.
740 3318 868 3380 litteras
895 3321 930 3378 io
955 3319 991 3380 et
1012 3333 1049 3397 ρσ
1078 3319 1206 3380 iunctas
1235 3319 1419 3401 ostendunt,
1451 3325 1508 3385 sed

244 3436 346 3495 neque
380 3420 582 3496 reperiuntur
616 3421 695 3483 haec
729 3421 763 3482 in
794 3421 936 3482 Homero
966 3436 1069 3495 neque
1100 3435 1213 3482 revera
1241 3420 1304 3483 huc
1336 3425 1509 3504 pertinent,

244 3521 360 3596 prodiit
389 3520 477 3581 enim
508 3537 568 3592 -σις
597 3537 639 3582 ex
669 3545 734 3594 -ιις,
756 3524 847 3584 idem
870 3520 960 3583 valet
981 3522 1021 3582 de
1043 3521 1212 3584 adiectivis
1233 3521 1416 3587 Homericis
1439 3525 1510 3608 μόρ

244 3640 327 3700 σιμσς
350 3620 518 3701 ἐπικάρσισς
540 3621 701 3702 μετάρσιος.

287 3787 316 3848 Α
338 3785 466 3861 syllaba
494 3784 591 3860 longa
615 3785 650 3845 in
673 3785 810 3847 dictione
833 3787 923 3861 opica
945 3787 1112 3848 ordiuntur
1135 3787 1214 3848 haec
1237 3787 1404 3866 vocabula,
1427 3805 1509 3863 quae

244 3889 374 3949 brevem
397 3900 471 3947 eam
495 3886 614 3946 habant
637 3886 670 3946 in
692 3885 829 3947 dialecto
852 3887 979 3948 Attica:

291 3990 320 4058 1)
342 3985 440 4058 ιιᾱλός.
471 3987 574 4048 Breve
597 3987 708 4048 tamen
731 3989 782 4047 est
805 3986 901 4061 alpha
923 3988 954 4048 h.
979 3988 1057 4048 Ven.
1082 3987 1135 4062 29,
1160 3987 1224 4047 262
1248 3987 1326 4048 Hes.
1351 3987 1442 4063 Oper.
1468 3992 1509 4050 63

245 4091 360 4164 i'heog.
397 4087 471 4147 585.
506 4089 542 4148 lu
576 4087 765 4163 compositis
798 4091 895 4147 saib-
919 4088 1081 4150 invenitur
1103 4089 1267 4164 perpetuo,
1298 4089 1384 4150 unde
1405 4089 1510 4162 καλιάς

246 4191 448 4254 scribendum
491 4205 563 4250 esse
606 4192 683 4251 suut
716 4189 771 4264 qui
805 4192 986 4251 autumant.
1021 4190 1139 4251 Forma
1171 4189 1339 4264 primitiva
1372 4190 1510 4252 fueritne

246 4291 346 4369 καιρός
369 4306 410 4351 an
434 4289 544 4361 naun
568 4291 744 4367 incertum;
768 4291 852 4352 hanc
873 4292 1053 4365 opinionem
1078 4290 1287 4350 commendat
1307 4291 1464 4364 analogia.

290 4395 321 4465 2)
344 4382 432 4462 οὖλος
454 4393 541 4467 totus,
573 4406 591 4450 e
615 4389 723 4462 etism
746 4392 873 4467 natum,
896 4391 953 4452 lat.
977 4391 1078 4452 aelius.
1103 4390 1235 4465 Legitur
1258 4410 1276 4467 ρ
1300 4389 1363 4449 343
1387 4410 1410 4448 ω
1437 4391 1508 4450 118.

290 4499 320 4567 3)
344 4483 467 4570 φθὰνω,
498 4491 537 4552 ci.
562 4493 580 4560 h
604 4493 678 4553 207.
710 4489 893 4568 Eptdvfe
919 4491 1044 4554 videtur
1066 4490 1234 4567 prodiisse,
1259 4490 1338 4550 item
1361 4481 1454 4548 [aava
1477 4491 1511 4550 et

247 4590 353 4676 κιχάνω
374 4596 449 4668 (vid.
470 4591 564 4672 inira)
584 4610 625 4655 ex
648 4591 764 4653 indole
784 4596 818 4655 et
835 4591 982 4672 κιχάνω
1000 4593 1040 4654 ci.
1062 4593 1248 4666 Bragmann
1264 4591 1408 4652 Gramm.
1428 4592 1447 4661 5
1468 4594 1509 4652 57

279 4816 298 4886 ¹)
317 4821 355 4868 cl.
382 4819 574 4866 dobner-nun
596 4817 649 4880 lp.
668 4819 716 4866 oth
739 4820 791 4866 not
807 4820 835 4875 ²5
863 4821 1087 4867 ΛΜΕΙΝΟΚΛΕΣ
1110 4819 1212 4878 aliaque
1234 4815 1381 4866 huiusmodi
1403 4817 1464 4864 anni
1485 4817 1511 4863 in

247 4901 340 4960 thulin
357 4900 454 4962 apponi
473 4903 559 4947 tamen
575 4901 662 4960 potest
678 4899 809 4946 Aeolicum
828 4901 998 4960 Ἀμιιιάμιιις.
