3856 5700
961 635 1024 694 tae
1492 639 1521 708 [s
1547 615 1607 700 ret

609 813 702 878 αὐτοῦ
727 811 758 876 d'
783 817 906 902 λγθυόρ,
928 815 1070 879 σκόπελον
1093 819 1330 899 περιμαιμώωσα.

387 918 439 979 Sic
468 920 547 980 notit
576 921 654 981 sunt
684 922 831 983 monstra
852 921 910 983 1118
938 921 1153 999 μαιμώωσα
1177 922 1280 1006 pede
1303 922 1467 1003 δρώοιμι
1489 949 1609 1003 μνωο-

343 1016 443 1105 μόνςο
474 1024 497 1090 ¹)
538 1035 594 1096 pro
636 1013 808 1100 μαιμὸοσσα
846 1013 952 1100 μνὸεαι
988 1015 1107 1103 δρώοιμι
1141 1021 1298 1108 μνᾱομένρτ
1332 1025 1500 1102 multaque
1533 1029 1607 1092 8118.

344 1121 486 1182 Monstra
521 1124 596 1183 sunt
635 1124 694 1200 „ab
729 1123 817 1185 omni
852 1126 999 1186 omnium
1034 1125 1201 1187 homiuum
1232 1127 1337 1200 patrio
1368 1129 1402 1188 et
1423 1129 1608 1201 quotidiano

341 1236 491 1284 sermone
514 1224 640 1285 allena”
664 1217 686 1296 ²)
710 1223 931 1303 γελώοντες
953 1223 1137 1306 γελόωντες
1160 1225 1343 1306 γελοίωντες
1370 1227 1533 1307 γελώοντες
1552 1247 1608 1306 pro

341 1323 504 1404 γελαλοντες
536 1321 571 1405 ³).
608 1325 760 1404 Monstra,
795 1342 857 1402 quo
892 1328 1051 1390 crebriora
1083 1345 1121 1390 eo
1156 1329 1262 1391 acrius
1296 1331 1494 1410 insectanda,
1532 1336 1610 1395 sunt

342 1423 441 1507 ὁρόω
475 1423 596 1514 ὁράμς
631 1426 729 1516 ὁρώρ
764 1425 908 1518 ὁρόῳτε
943 1427 1068 1513 ὁρώαν
1099 1428 1225 1514 ὁρόων
1257 1428 1409 1516 ὁρόωσα
1436 1452 1492 1513 pro
1515 1438 1609 1500 unice

342 1531 429 1593 veris
461 1527 540 1612 ὁρόω
575 1528 672 1613 ὁρόεις
703 1529 783 1614 ὁρόει
814 1529 928 1613 ὁρόοιτε
959 1531 1059 1615 ὁρόειν
1094 1531 1192 1614 ὁρόων
1221 1533 1353 1616 ὁρόοοσα
1377 1539 1410 1610 ⁸).
1434 1540 1470 1600 In
1495 1541 1605 1602 eodem

341 1635 452 1694 autem
476 1648 576 1696 censa
599 1635 770 1696 vereantur
801 1636 924 1697 ionnae
947 1636 979 1696 ln
1002 1637 1172 1698 nominum
1203 1637 1341 1699 llexlone
1367 1640 1481 1700 obviae
1504 1639 1608 1717 φόως

340 1746 397 1808 pro
420 1731 497 1809 φόος
528 1731 558 1810 (5
583 1731 648 1810 71),
668 1733 760 1806 σόος
791 1750 847 1811 pro
870 1734 942 1808 σόος
968 1733 998 1812 (9
1026 1735 1091 1814 62),
1114 1737 1364 1816 όαστοβοώτης
1394 1753 1450 1814 pro
1474 1739 1608 1818 -βοήτης,

340 1834 473 1894 nomina
502 1834 630 1909 propria
662 1835 696 1896 ln
729 1835 850 1910 -φόον
881 1852 936 1912 pro
968 1837 1070 1912 -φάων
1098 1839 1288 1915 desinentia,
1312 1853 1415 1913 neque
1439 1840 1608 1902 dissimilis

341 1937 392 1996 est
425 1935 536 1997 aorieti
571 1931 784 2014 ἐφαάνοην
819 1933 849 2014 (8
887 1938 961 1998 leh·
996 1939 1030 1998 et
1065 1935 1141 2016 880)
1171 1939 1269 2014 origo,
1299 1955 1374 2000 cum
1398 1941 1606 2004 Homericum

342 2051 414 2098 esse
445 2033 600 2114 ἕφαένοην
632 2039 785 2113 appareat
806 2053 824 2099 e
847 2040 1028 2114 praesentis
1052 2040 1207 2116 temporie
1229 2041 1333 2103 forma
1356 2041 1470 2118 φαείνω
1493 2045 1526 2105 et
1555 2045 1606 2105 sd·

341 2138 459 2200 lectito
499 2135 631 2214 φαεινός.
670 2137 716 2200 Of.
757 2140 924 2214 praeterea
965 2138 1105 2216 νηπιάας,
1146 2137 1344 2220 αὐτοχόωνον,
1385 2141 1518 2220 πρώονες
1551 2158 1607 2218 pro

340 2237 472 2315 νηστείας,
504 2235 698 2316 αότογόανον,
731 2237 859 2316 στρήονες
884 2236 935 2316 (i),
972 2241 1004 2300 ei
1036 2239 1180 2318 ιιραιαίνω
1215 2237 1346 2319 lepino«
1383 2257 1440 2318 pro
1476 2242 1607 2322 κρᾶαίνω

339 2329 469 2416 deprimo
491 2339 520 2410 (9
544 2341 628 2413 267).

385 2442 430 2501 ht
451 2456 515 2501 non
538 2441 615 2502 lieet
643 2441 773 2503 silentio
795 2443 968 2516 praeterire
994 2445 1221 2517 argumentum
1247 2445 1381 2506 minime
1403 2445 1605 2506 contemnen-

342 2545 430 2620 dum,
465 2557 528 2617 qno
562 2543 684 2604 formes
717 2542 889 2606 distractae
918 2545 1062 2606 nonnulli
1093 2546 1261 2608 defendere
1289 2548 1491 2625 studuerunt,
1522 2549 1606 2623 qnod

344 2644 450 2706 verbis
474 2643 534 2705 viri
557 2645 642 2705 docti
665 2643 774 2706 biouro
798 2643 950 2706 Homeric
972 2645 1154 2708 Grammar¹
1179 2662 1209 2722 p.
1234 2648 1298 2708 818
1322 2649 1485 2710 indicabo:
1513 2651 1558 2726 ,11
1581 2650 1610 2710 ie

340 2747 420 2807 hard
449 2748 483 2806 to
513 2745 635 2806 believe
659 2746 733 2806 that
755 2761 791 2806 eo
815 2748 984 2807 extensive
1007 2763 1027 2809 a
1050 2763 1179 2823 process
1202 2765 1240 2810 ee
1263 2750 1318 2811 the
1342 2751 1553 2811 substitution
1578 2751 1613 2812 oi

340 2847 396 2907 the
420 2846 603 2907 contracted
627 2846 729 2907 terme
753 2847 950 2921 throughout
973 2849 1095 2909 Homer
1118 2863 1177 2910 cen
1200 2850 1283 2911 heve
1305 2851 1402 2912 taken
1416 2851 1608 2927 placewlth·

340 2951 397 3009 out
430 2947 560 3021 leaving
589 2961 680 3008 some
710 2949 799 3008 truce
830 2949 863 3008 in
898 2949 953 3010 the
977 2949 1101 3024 history
1125 2951 1160 3011 ol
1184 2951 1240 3012 the
1264 2954 1344 3013 text.
1380 2953 1485 3013 These
1507 2953 1610 3014 iorms

339 3049 445 3112 would
476 3051 559 3111 have
589 3049 726 3112 affected
760 3051 822 3111 188
846 3050 996 3112 different
1029 3066 1148 3129 verses,
1172 3054 1235 3114 and
1257 3055 1314 3128 yet
1337 3069 1386 3115 we
1410 3069 1508 3116 never
1531 3056 1609 3116 hear

339 3151 375 3214 oi
401 3167 461 3214 one
491 3151 527 3214 ol
545 3152 647 3229 them,
678 3167 758 3214 even
782 3167 820 3212 ee
842 3167 861 3213 a
884 3153 1016 3228 reading
1038 3154 1178 3230 rejected
1202 3155 1244 3230 by
1268 3156 1474 3217 Aristarchus
1497 3171 1533 3218 or
1556 3158 1609 3218 bie

340 3253 631 3329 predecessorem).
661 3285 701 3297 -
727 3252 826 3315 Nobis
857 3267 984 3328 qnoque
1008 3253 1124 3315 durum
1148 3258 1299 3318 concoctu
1324 3257 1355 3319 ld
1380 3257 1612 3335 aliquantisper

375 3519 394 3584 ¹)
411 3522 495 3570 ltusm
514 3527 645 3586 μετωνλγγσι
664 3520 764 3589 (trist)
785 3531 804 3571 0
823 3525 855 3572 82
872 3523 923 3571 hue
940 3523 1110 3572 referendum.

374 3600 394 3659 ¹)
411 3599 439 3648 P.
458 3601 557 3660 Knight
572 3603 715 3662 Prolegom.
734 3617 759 3663 p.
779 3604 820 3650 td.

373 3675 395 3744 1)
412 3681 563 3729 Productior
588 3681 652 3729 boec
678 3681 749 3729 verbi
772 3684 861 3740 γιλάεα
881 3682 972 3742 iorms,
995 3695 1061 3742 quae
1085 3697 1100 3726 ο
1124 3683 1170 3728 111
1192 3699 1206 3729 ο
1229 3684 1277 3728 880
1294 3684 1413 3744 occurrit,
1439 3685 1609 3745 courpsrsnds

339 3761 381 3806 est
404 3772 464 3806 oum
485 3764 592 3818 μαλομαι,
620 3765 684 3814 mio,
709 3761 816 3820 herispoo
842 3759 1022 3820 similibusque
1044 3760 1135 3807 formis
1163 3761 1314 3822 Homericis,
1345 3775 1411 3821 quse
1441 3777 1456 3809 e
1485 3763 1610 3824 stirpibus

339 3838 366 3884 ln
392 3854 424 3885 ατ
447 3841 474 3886 et
497 3855 524 3887 w
546 3838 700 3886 exeuntibus
723 3839 852 3888 derivatae
876 3843 944 3887 sunt
962 3839 1043 3886 Verso
1067 3842 1153 3887 sutem
1170 3840 1250 3887 ν811
1269 3853 1316 3901 pro
1334 3845 1449 3900 γελοαν
1467 3844 1608 3890 rescriben-

339 3916 401 3964 dum
419 3919 459 3964 ert
473 3917 594 3976 ’γιλνλοονΙ
612 3930 628 3963 s
644 3917 722 3964 verbo
740 3921 849 3976 γελο-ισν,
867 3917 941 3964 culus
958 3915 1038 3977 verbi,
1054 3917 1203 3977 ceteroquin
1218 3917 1608 3980 iunslmtsoristusyriouisaao

340 3997 411 4043 extat
427 3995 453 4041 in
469 3995 496 4042 h.
513 3995 575 4042 Vsu.
593 4007 631 4042 τι.
649 3996 689 4043 tt.
707 3995 746 4042 01.
763 3993 779 4054 8
796 3991 864 4048 888).

372 4067 395 4135 ⁴)
412 4071 496 4120 lltlsm
512 4072 599 4120 verbis
615 4073 740 4121 ltsrstiris
757 4073 903 4121 huiusmodi
922 4074 1019 4120 tortose
1036 4075 1099 4121 sunt
1115 4073 1235 4130 tributae,
1252 4075 1302 4122 rid.
1322 4081 1341 4120 ο
1359 4076 1407 4122 tta
1426 4077 1440 4122 t
1457 4077 1505 4123 888
1528 4094 1540 4121 ο
1559 4077 1607 4123 eso

340 4153 398 4206 eto,
414 4163 462 4198 neo
479 4162 530 4197 non
547 4151 641 4198 laturis
658 4151 785 4198 elemento
803 4167 819 4197 ο
835 4151 991 4208 carentibus,
1008 4167 1030 4199 s.
1049 4165 1074 4210 g.
1093 4155 1161 4199 tides
1181 4152 1265 4208 lidum
1283 4152 1333 4200 rid.
1352 4153 1366 4210 ὅ
1388 4154 1442 4201 tsi.

374 4225 395 4292 ⁵)
413 4229 444 4275 ln
462 4229 542 4277 slters
559 4229 671 4278 editione
688 4244 714 4291 p.
733 4232 765 4278 88
782 4231 814 4277 ed
832 4231 977 4291 opinionem
995 4245 1073 4291 quarn
1092 4231 1254 4279 deiendimue
1271 4231 1373 4279 translit
1394 4233 1494 4279 bionro:
1520 4245 1609 4294 „pars-

342 4307 457 4365 „doxiosi
479 4320 508 4354 ss
531 4309 583 4356 tbls
603 4322 661 4369 may
684 4322 763 4366 mem,
780 4310 851 4356 there
869 4323 915 4357 osu
935 4311 966 4356 be
985 4310 1051 4358 little
1070 4309 1150 4357 doubt
1167 4311 1223 4358 that
1240 4311 1260 4357 it
1277 4311 1299 4358 ie
1316 4311 1496 4370 snbstsntislly
1516 4311 1609 4371 rigbt.''

341 4387 381 4434 lta
397 4389 483 4434 temen
505 4399 560 4435 rsnr
584 4387 634 4435 sibi
656 4388 778 4436 iniormst
798 4391 892 4453 potius,
909 4395 939 4439 nt
956 4405 971 4437 s
988 4391 1098 4451 posteris
1116 4391 1212 4439 iormss
1229 4392 1379 4440 iiomsrlcss
1396 4405 1447 4439 nou
1465 4395 1608 4439 contactas

341 4465 434 4514 deinde
460 4465 597 4514 distractu
622 4480 680 4515 esse
705 4470 810 4529 statutt,
835 4469 882 4516 sed
908 4469 1014 4519 vocibus
1038 4469 1149 4528 vulgetis
1172 4473 1296 4530 quantum
1320 4471 1410 4518 liceret
1432 4471 1606 4521 mimuistss:

343 4545 416 4603 ,tusc
441 4548 509 4612 λρύα,
533 4546 609 4611 λράιις
625 4559 692 4594 ποτε
710 4547 825 4606 changed
846 4548 900 4596 into
918 4550 986 4614 ὁρόω,
1004 4549 1076 4614 λρὸρς
1092 4545 1121 4610 λγ
1139 4545 1178 4596 tis
1193 4547 1309 4612 ιἰγλτινω
1323 4548 1356 4611 of
1370 4546 1410 4595 tte
1419 4547 1538 4612 familiar
1555 4550 1608 4614 ipe,

344 4624 430 4690 „ipos”
455 4625 526 4690 (ρος.
552 4621 610 4690 ό8);
633 4625 692 4674 hinc
714 4626 811 4674 intaeta
833 4627 945 4675 eruisse
968 4627 1046 4675 verbs
1069 4627 1170 4688 poetica
1193 4628 1288 4687 quibus
1307 4627 1434 4674 recentior
1453 4627 1541 4686 lingue
1558 4641 1606 4675 non

341 4695 465 4761 uteretur,
491 4703 567 4763 quale
592 4706 633 4752 set
657 4708 760 4753 νωασο.
778 4728 811 4740 -
827 4705 947 4754 Fortasse
972 4704 1130 4766 probsbllior
1155 4708 1195 4754 est
1215 4705 1279 4754 hsso
1302 4705 1446 4766 explicandi
1468 4705 1540 4764 ratio,
1558 4719 1607 4753 non

343 4779 454 4828 muitum
471 4783 558 4830 sutem
579 4782 692 4830 interest
