3944 5730
360 829 378 897 5
403 829 477 898 10]]
963 833 1020 891 27]

359 1013 495 1074 interest
524 1015 701 1079 addaturne
746 1032 787 1077 an
818 1017 990 1079 omittatur
1019 1017 1179 1092 particula
1208 1038 1247 1095 τε,
1285 1017 1378 1079 cuius
1416 975 1548 1092 propria
1577 1017 1627 1076 vis

359 1127 380 1172 a
412 1115 516 1187 poetis
548 1117 672 1176 sensim
711 1118 859 1191 neglecta
892 1133 964 1180 esse
1002 1119 1139 1192 videtur,
1173 1117 1221 1178 ita
1255 1119 1292 1178 ut
1327 1119 1435 1179 versui
1470 1118 1627 1194 explendo

360 1212 515 1275 inservire
539 1218 657 1289 posset.

403 1413 486 1474 Loco
519 1417 718 1488 pronominis
751 1418 879 1478 relativi
916 1433 1012 1494 saepe
1047 1419 1216 1478 adhibetur
1250 1418 1481 1492 anaphoricum
1517 1430 1626 1492 prono·

361 1527 436 1573 men
459 1511 477 1572 t
499 1512 519 1590 ἥ
539 1514 581 1573 τό.
605 1517 675 1590 Qua
697 1518 736 1578 de
760 1533 794 1577 ro
822 1518 860 1578 V.
886 1518 926 1578 H.
958 1519 1048 1579 Koch
1079 1519 1113 1578 in
1145 1518 1248 1578 lexico
1278 1517 1421 1592 llbeiingi
1446 1518 1477 1578 ll
1501 1533 1530 1592 p.
1572 1517 1629 1577 19·

361 1616 447 1675 recte
474 1615 521 1676 ita
543 1619 671 1680 scribit:
713 1633 905 1694 „pronomen
930 1619 1223 1682 demonstrativum
1246 1619 1279 1680 ln
1306 1619 1468 1681 sententia
1491 1618 1629 1693 ponitur,

364 1731 464 1791 „quae
488 1720 580 1791 quasi
600 1735 656 1794 per
675 1722 882 1795 parenthesin
901 1723 1043 1784 sermoni
1064 1722 1186 1782 inserta
1212 1721 1382 1797 paullatim
1406 1721 1486 1782 abiit
1504 1721 1536 1780 in
1560 1735 1629 1781 sen·

364 1818 519 1891 „tentiam
542 1820 776 1898 secundariam,
800 1836 898 1896 quam
916 1838 976 1883 nos
995 1823 1166 1884 relativam
1188 1839 1352 1884 vocamus.
1377 1823 1467 1883 Haec
1490 1822 1630 1883 mutatio

365 1922 496 1993 „coepta
529 1923 589 1997 est,
624 1939 687 1984 non
721 1925 870 1986 absoluta
900 1926 984 2001 apud
1016 1925 1206 2001 Homerum,
1239 1925 1293 1998 qui
1317 1925 1556 1986 existimandus
1578 1925 1630 1984 est

366 2020 477 2094 „longe
519 2025 710 2098 saepissime
751 2027 1042 2088 demonstrativam
1078 2028 1211 2100 putasse
1245 2006 1344 2099 quam
1379 2041 1439 2087 nos
1473 2039 1629 2087 vocamus

365 2121 554 2196 „relativam
585 2129 681 2201 atquc
713 2129 760 2187 ita
790 2129 979 2190 vertimus.”
1010 2127 1151 2189 (lonierri
1171 2130 1307 2203 possunt
1330 2129 1502 2204 ambiguae
1526 2129 1628 2203 potes·

364 2225 442 2286 tutis
474 2229 663 2301 pronomina
683 2231 741 2307 dici,
765 2231 818 2290 dut
842 2230 874 2290 in
898 2231 1027 2306 Belgica
1051 2230 1169 2306 lingua,
1194 2231 1259 2307 der,
1280 2231 1340 2306 dic,
1363 2231 1420 2292 clos
1444 2231 1476 2292 in
1501 2229 1629 2292 Germa·

363 2327 443 2388 nica.
479 2330 515 2389 111
545 2333 636 2406 epica
668 2334 778 2394 autem
811 2333 949 2395 dictione
979 2335 1068 2409 ipsae
1098 2332 1222 2394 formae
1252 2333 1501 2395 demonstrativi
1531 2335 1628 2406 atque

361 2429 488 2492 relativi
510 2432 693 2508 complures
715 2438 794 2497 aunt
815 2435 1018 2497 consimiles:
1043 2433 1086 2512 ὅς,
1108 2433 1138 2512 ἦ,
1160 2433 1199 2512 oi',
1222 2433 1263 2512 ai,
1285 2434 1332 2495 ita
1355 2439 1392 2495 ut
1415 2450 1456 2496 ne
1475 2435 1630 2508 distingui

361 2533 491 2604 quidem
528 2536 669 2610 possint:
701 2551 784 2611 qnae
814 2539 926 2597 tamen
955 2536 1056 2596 iallax
1091 2536 1144 2596 est
1173 2535 1362 2611 similitudo,
1392 2550 1471 2596 nam
1502 2535 1630 2595 demon·

361 2634 490 2694 strativi
514 2635 606 2694 radix
638 2636 690 2696 est
720 2653 779 2712 oo,
800 2636 865 2697 vid.
897 2650 968 2710 pag.
999 2636 1074 2711 263,
1099 2634 1226 2694 relativi
1254 2649 1329 2694 vero
1348 2653 1398 2710 po·
1421 2634 1559 2705 (Sanscr.
1576 2631 1632 2707 jae

354 2736 395 2813 ja
409 2735 492 2813 ivai·

403 2839 511 2900 titiam
542 2840 798 2901 demonstrativo
828 2839 1009 2915 pronomini
1043 2835 1060 2898 d
1094 2835 1115 2916 ἥ
1149 2835 1192 2914 τό,
1224 2837 1277 2898 ubi
1300 2836 1429 2898 relativi
1452 2837 1521 2898 loco
1544 2836 1630 2898 adhi·

366 2944 470 3003 bitum
496 2943 557 3016 est,
582 2942 765 3016 frequenter
791 2941 996 3015 subiungitur
1026 2939 1184 3016 particula
1209 2960 1246 2999 τε.
1277 2940 1406 3014 Proprie
1428 2941 1540 2999 autem
1567 2935 1634 2997 ὅτε

360 3043 521 3117 significat
550 3043 644 3117 isque
676 3043 760 3115 ctio,
790 3043 847 3105 sed
879 3042 993 3102 multis
1023 3041 1102 3102 locis
1130 3041 1245 3114 poetae
1272 3041 1355 3101 hanc
1378 3039 1561 3101 encliticam
1585 3039 1630 3099 iu·

361 3145 540 3218 cogitanter
563 3143 726 3203 addidisse
750 3144 910 3204 videntur.

405 3347 563 3408 Notabilis
584 3346 635 3406 est
662 3345 838 3420 particulae
860 3343 917 3422 γάρ
940 3359 1020 3403 usus
1043 3344 1116 3418 post
1139 3342 1313 3402 relativum
1338 3342 1453 3411 (neutr.
1479 3340 1635 3414 generisi:

362 3442 454 3527 ilydp
477 3447 713 3508 lustratio?
734 3448 768 3507 ot
790 3448 824 3504 Ψ
833 3445 1022 3506 9=e190.
1043 3443 1228 3518 Comparari
1251 3443 1359 3517 potest
1378 3439 1428 3500 ἵνα
1446 3437 1503 3522 γὰρ
1524 3443 1553 3500 Κ
1575 3442 1636 3502 127

363 3553 396 3610 et
418 3549 439 3610 l.
461 3566 488 3610 a.
513 3571 529 3609 o
554 3550 618 3609 239
643 3547 695 3608 ὅθι
717 3545 773 3628 γὰρ
797 3562 853 3624 pro
875 3545 945 3607 τόθι
967 3547 1018 3617 (01.
1043 3547 1062 3616 ὅ
1088 3546 1174 3623 322),
1198 3560 1302 3618 neque
1325 3543 1454 3605 diversa
1478 3545 1530 3605 est
1554 3543 1637 3605 ratio

363 3667 426 3725 qua
456 3649 613 3725 particula
642 3648 698 3728 γάρ
730 3647 971 3722 interrogativis
1003 3647 1076 3708 addi
1108 3643 1379 3724 00101(πῶςγάρ,
1407 3643 1451 3717 τίς
1472 3644 1529 3724 γάρ
1554 3645 1637 3717 etc).

363 3753 512 3814 liortasse
543 3753 643 3813 etiam
679 3753 713 3810 Ψ
732 3752 796 3812 854
828 3751 889 3810 buc
920 3750 1076 3825 pertinet:
1108 3738 1145 3826 ἧς
1177 3741 1220 3827 ἄρ’
1255 3762 1330 3809 cum
1355 3747 1376 3808 1.
1398 3763 1426 3810 a.
1456 3735 1492 3824 ἧς
1514 3743 1582 3828 γὰρ,
1604 3749 1638 3808 et

366 3859 392 3914 ‘Y
413 3857 453 3916 77
486 3852 741 3934 lipruplderu‘rod
770 3851 827 3933 γάρ
857 3850 905 3931 ῥα,
934 3851 987 3912 ubi
1011 3849 1208 3912 coniecimus
1243 3840 1490 3930 'Hprupldn'ur'r
1513 3848 1570 3931 γάρ
1591 3847 1640 3930 ῥα,

364 3961 402 4022 01.
427 3961 446 4031 5
469 3961 521 4021 liti.

404 4063 474 4124 Nou
497 4063 583 4124 recte
607 4076 624 4121 e
647 4059 727 4122 iocis
746 4073 844 4135 supra
863 4057 972 4119 allatis
991 4058 1137 4120 effeceris
1157 4055 1334 4134 pronomen
1360 4057 1636 4119 demonstrativam

363 4165 396 4225 in
428 4165 538 4239 lingua
569 4163 741 4224 Homerica
772 4161 923 4224 babuisse
946 4161 1094 4221 neutrius
1122 4159 1249 4234 generis
1274 4160 1413 4220 iormam
1437 4156 1498 4218 ὄι-
1511 4157 1551 4218 cd.
1576 4159 1637 4220 lle·

364 4265 441 4326 11010
474 4266 542 4325 iure
574 4265 756 4340 suspicetur
787 4263 948 4337 quispiam
979 4261 1230 4322 describentium
1260 4276 1366 4322 errore
1400 4259 1548 4320 voculam
1579 4257 1636 4338 peip

363 4366 429 4427 illic
463 4366 525 4440 legi
559 4381 614 4440 pro
649 4386 713 4445 asp,
743 4380 824 4438 quas
856 4363 1031 4438 particulas
1062 4361 1215 4423 facillime
1244 4362 1389 4436 potuisse
1420 4358 1572 4420 contundi
1604 4358 1638 4419 et

363 4483 460 4542 saepe
502 4467 652 4528 confusas
697 4481 771 4528 esse
814 4464 953 4539 scimus;
996 4463 1053 4525 sed
1095 4478 1136 4524 ne
1178 4463 1257 4524 baec
1297 4463 1427 4536 quidem
1469 4460 1634 4537 eorrectio,

364 4569 576 4645 quantumvis
599 4569 692 4644 lenis,
717 4566 902 4628 necessaria
926 4566 1062 4627 videtur.
1088 4564 1133 4626 ci.
1159 4558 1283 4625 lionro²
1305 4579 1335 4639 p.
1360 4563 1434 4624 ala.

408 4771 606 4832 Adverbium
641 4769 681 4844 ὡς
711 4775 745 4831 ui
769 4771 1055 4846 (quemadmodum)
1079 4768 1133 4830 ubi
1155 4768 1298 4830 additam
1322 4767 1420 4827 habet
1443 4765 1636 4842 particulam

362 4895 391 4934 rs
415 4876 455 4945 (Γ
473 4874 515 4933 22
539 4874 622 4950 etc),
645 4889 709 4935 uon
731 4873 991 4935 confundendum
1013 4873 1066 4932 est
1089 4885 1163 4932 cum
1187 4870 1297 4931 Attica
1317 4869 1476 4945 particula
1495 4866 1566 4928 dors
1590 4868 1635 4928 tia

364 4981 405 5054 ut,
429 4991 494 5051 qua
516 4976 677 5038 Homerus
700 4991 764 5037 non
786 4976 899 5038 utitur.
923 4974 1054 5036 Duobus
1077 4973 1207 5034 tantum
1231 4971 1312 5033 locis
1331 4993 1350 5030 α
1373 4972 1435 5031 227
1456 4970 1476 5050 β
1501 4971 1562 5033 137
1583 4985 1637 5030 res
