3944 5730
951 683 1015 740 2115

607 865 699 928 τούτω
722 861 777 944 μὶν
799 865 965 945 θεράποντε
987 866 1141 945 κομείτων,
1162 865 1235 928 τώδε
1259 861 1293 926 db
1316 874 1369 925 νῶι

611 965 725 1046 Τρωσὶν
749 961 793 1044 ἐφ’
818 963 1012 1046 ἱπποδάμοισ’
1038 967 1186 1046 ἰθύνομεν
1208 971 1270 1030 etc.

397 1067 464 1142 Quo
490 1067 560 1130 loco
585 1070 774 1142 expectatur
800 1067 976 1147 κομεόντων.
1007 1070 1090 1131 Nom
1122 1068 1226 1131 daath
1256 1069 1339 1130 hanc
1374 1081 1447 1128 esse
1478 1066 1619 1127 formam

353 1166 481 1228 aliunde
505 1169 647 1241 ignotam
672 1167 748 1246 (vid.
773 1170 954 1231 Kontosln
979 1169 1081 1254 Λογίῳ
1098 1163 1196 1252 Ἐρμῇ
1218 1170 1234 1229 Ι
1258 1185 1288 1244 p.
1314 1170 1367 1243 66,
1392 1166 1522 1228 Curtius
1545 1165 1618 1225 Ver·

353 1268 430 1327 bum
450 1263 493 1327 11¹
506 1267 542 1344 [p.
565 1271 618 1338 67)
637 1269 785 1330 credibile
809 1285 872 1330 nou
898 1270 1032 1345 videtur,
1054 1284 1128 1330 cum
1147 1267 1338 1343 praesertim
1359 1267 1501 1326 metrum
1520 1279 1619 1338 quam

354 1366 497 1428 maxime
539 1368 708 1442 displiceat
749 1371 877 1444 propter
910 1371 1162 1431 contractionem
1197 1369 1382 1441 suspectam
1414 1367 1444 1436 (6
1476 1365 1550 1434 191)
1586 1365 1620 1424 et

353 1467 510 1529 diaeresin
544 1470 618 1543 post
651 1471 803 1542 quartum
835 1471 1012 1545 spondeum
1041 1469 1115 1540 (vid.
1147 1484 1218 1543 pag.
1252 1469 1312 1536 16).
1333 1466 1530 1542 Quapropter
1553 1479 1617 1524 noo

351 1568 460 1629 dubito
483 1568 559 1642 quin
583 1571 669 1630 recte
692 1569 730 1629 de
755 1569 815 1630 hoc
838 1571 907 1632 loco
929 1571 1138 1631 observatum
1158 1569 1202 1628 sit
1221 1569 1253 1627 ln
1274 1565 1616 1644 impeprcpoiglhnecd.

351 1669 452 1729 Oxou.
476 1670 491 1729 1
514 1686 543 1745 p.
568 1671 644 1738 397)
667 1666 808 1729 οὐδέποτε
832 1669 924 1753 dotant
947 1678 1148 1751 rrpooruarargb
1171 1665 1269 1744 τρίτου
1289 1664 1451 1743 προσώπου
1471 1663 1612 1742 ἐχρήσατο

340 1763 482 1846 Ὅμηρος,
512 1771 545 1828 et
577 1769 685 1829 vitiosi
718 1769 794 1830 lusit
825 1770 945 1844 aliquid
976 1770 1083 1830 verbis
1107 1769 1244 1842 traditis,
1268 1783 1350 1841 quae
1373 1781 1414 1826 ne
1437 1767 1527 1825 certa
1548 1764 1613 1837 qui·

350 1868 425 1928 dem
454 1869 584 1930 omnino
612 1869 691 1930 olim
723 1868 824 1930 fuisse
856 1872 998 1946 apparet,
1030 1869 1211 1930 zenodotus
1242 1868 1340 1941 enlm,
1364 1865 1404 1925 ab
1427 1864 1614 1926 Aristarcho

349 1969 561 2042 reprehensus
594 1967 675 2044 ideo,
709 1969 848 2047 κομείτην
878 1971 1048 2043 scribebat,
1080 1969 1114 2029 et
1142 1968 1181 2028 ad
1213 1969 1312 2036 huno
1327 1979 1430 2038 usque
1457 1965 1544 2024 diem
1568 1963 1614 2022 ita

352 2067 477 2128 varient
507 2068 671 2144 mscriptn.
703 2069 859 2144 Equidem
889 2071 1018 2145 poetam
1042 2068 1150 2129 tuturo
1173 2065 1337 2128 indicativi
1360 2061 1523 2142 κομήσειον
1546 2065 1615 2134 (aut

350 2168 378 2229 sl
411 2169 484 2244 quie
518 2170 645 2232 mavult
677 2170 859 2249 aopiooaov)
893 2187 990 2233 usum
1025 2185 1097 2232 ease
1132 2170 1287 2246 suspicor,
1325 2167 1402 2230 licet
1432 2167 1614 2228 hexametri

349 2271 475 2332 exitum
503 2288 560 2349 pro
591 2275 677 2335 certo
709 2274 879 2335 restituere
910 2289 1087 2349 nequeam3
1119 2271 1257 2334 fortasse
1280 2270 1342 2332 fuit
1364 2267 1535 2347 κομήσετον,
1558 2257 1613 2346 ipa

350 2367 382 2431 dl
403 2371 476 2434 τώδε
499 2374 553 2436 vel
575 2368 652 2450 αἶψα
674 2372 707 2435 δὲ
731 2385 795 2436 νῶι.

392 2573 626 2650 Imperatlvum
657 2572 759 2651 ἔστων,
787 2576 842 2651 qui
866 2580 894 2636 Α
918 2578 981 2638 668
1005 2599 1025 2635 α
1048 2578 1113 2637 273
1146 2575 1264 2648 legitur
1288 2575 1322 2633 et
1344 2570 1482 2632 fortasse
1505 2569 1520 2642 ξ
1547 2570 1612 2631 696

349 2675 400 2734 est
421 2673 650 2752 restituendus,
674 2677 714 2738 ad
737 2677 867 2740 dualem
890 2677 985 2739 multi
1009 2676 1205 2739 rettulerunt
1212 2693 1220 2750 ;
1252 2675 1285 2736 et
1314 2673 1418 2747 priore
1441 2686 1520 2733 eane
1543 2669 1613 2731 loco

348 2775 386 2836 de
410 2776 534 2837 duobus
556 2779 767 2853 praeconibus
789 2778 951 2841 adhibitae
974 2781 1035 2856 est,
1061 2779 1163 2840 altero
1189 2790 1264 2838 vero
1287 2774 1326 2836 de
1349 2773 1409 2836 diis
1431 2773 1464 2833 in
1487 2772 1612 2833 univer·

348 2893 422 2938 sum
452 2879 568 2940 dicitur
597 2877 665 2939 drot
697 2873 726 2939 d'
760 2877 807 2940 lat
834 2879 976 2958 μάρτυροι
999 2878 1100 2955 ἴστων,
1123 2879 1239 2954 quibus
1262 2875 1370 2936 verbis
1396 2875 1482 2936 solos
1505 2874 1613 2934 Ditem

347 2981 444 3052 atque
475 2980 697 3055 Proserpinam
730 2981 868 3056 spectari
898 2981 1096 3054 ingeniosius
1124 2995 1222 3053 quam
1246 2977 1367 3038 rectius
1390 2975 1423 3034 ni
1447 2974 1540 3034 fallor
1563 2974 1612 3035 de·

347 3083 526 3140 monstrare
549 3081 674 3140 studuit
698 3077 819 3141 Monro²
843 3081 860 3150 5
886 3083 978 3154 173,1
1003 3080 1073 3141 coll.
1106 3083 1124 3138 1
1148 3079 1213 3139 456
1244 3080 1277 3138 et
1302 3078 1376 3138 669.
1407 3075 1538 3136 Certum
1562 3077 1614 3136 est

347 3181 429 3254 apud
461 3180 586 3241 Atticos
616 3181 803 3254 ceterosque
834 3181 971 3242 Graecos
997 3181 1072 3250 (vid.
1105 3178 1235 3241 (turtius
1266 3177 1407 3238 Verbum
1438 3173 1481 3235 11²
1505 3189 1535 3250 p.
1560 3177 1613 3243 63)

346 3281 483 3341 formam
520 3277 610 3339 lotor
643 3283 757 3356 postea
792 3282 934 3343 valuisse
968 3287 1059 3344 santo
1088 3284 1127 3343 de
1154 3280 1299 3356 pluribus
1330 3278 1471 3340 dictum:
1503 3276 1613 3350 quidni

347 3381 431 3455 apud
455 3381 633 3442 Homerum
657 3398 784 3457 quoque
807 3382 971 3444 valuerit?

392 3480 475 3541 hille
496 3481 576 3542 locis
599 3497 662 3541 non
686 3483 842 3557 reperitur
865 3482 954 3543 verbi
978 3481 1039 3560 εἰμί
1061 3483 1097 3543 6·
1119 3495 1254 3557 persona
1276 3478 1471 3551 imperativi.

392 3683 424 3751 6)
446 3685 510 3740 -lior
538 3696 596 3756 pro
625 3694 688 3740 -oor
719 3682 916 3745 dictumest
940 3683 1010 3744 loco
1037 3681 1183 3743 omnium
1206 3692 1364 3741 consensu
1388 3676 1612 3739 recentissimo

347 3805 367 3860 η
389 3782 462 3860 114,
485 3782 514 3844 si
537 3782 817 3862 Herodianufides
840 3787 892 3846 661
913 3783 1073 3846 habenda:
1097 3778 1220 3862 δένδρεα
1244 3777 1343 3859 μακρὰ
1364 3777 1514 3855 sepiatur
1532 3779 1614 3854 raple-

346 3881 477 3962 adorea,
517 3884 574 3946 sed
613 3885 768 3960 mscrlpla
802 3885 868 3948 illic
902 3886 1021 3948 habent
1062 3883 1188 3961 πεφύκει
1228 3879 1418 3960 τηλεθόωντα
1456 3875 1614 3956 cotom,

347 3986 497 4064 -ddovrei,
533 3988 570 4048 ut
603 3989 691 4049 recte
727 3987 844 4063 legitur
878 4009 890 4048 ε
922 3991 974 4050 63.
1012 3985 1367 4062 plusquamperfectum
1402 3983 1513 4044 temen
1548 3997 1611 4043 non

347 4090 483 4162 quadrat
512 4089 545 4149 in
577 4089 673 4150 huius
695 4090 757 4152 loci
780 4093 987 4167 contextum3
1012 4091 1106 4166 poete
1130 4089 1192 4148 nisi
1217 4087 1342 4161 egregie
1366 4085 1459 4146 fallor
1482 4085 1614 4146 dederet

348 4189 516 4266 πεφύκᾱσιν
538 4186 718 4251 bolidem.

392 4290 487 4353 Redit
520 4291 707 4352 terminatio
740 4297 805 4352 -tor
835 4309 891 4368 pro
921 4307 984 4351 -ocr
1014 4292 1131 4366 1604,
1163 4289 1217 4350 ubi
1249 4289 1288 4348 de
1310 4287 1474 4349 Dioscurls
1496 4287 1613 4348 dicitur

347 4387 435 4467 τιμὴν
458 4385 491 4449 61
513 4388 681 4469 λελόγχασιν
703 4383 753 4450 tce
775 4396 881 4452 θεοῖσι.
905 4393 1107 4468 Quamquam
1131 4388 1211 4451 nihil
1234 4389 1343 4450 obstat
1366 4387 1539 4462 quominus
1562 4385 1612 4448 ob·

288 4561 290 4566 ,
348 4492 569 4568 temperemus
592 4491 744 4554 Barneslo
767 4487 919 4573 teldypeo'
944 4485 994 4552 loe
1016 4497 1113 4552 uector
1136 4489 1299 4560 scribenti,
1324 4491 1407 4564 quod
1430 4489 1499 4550 deri
1518 4505 1613 4564 posse

348 4592 449 4654 etiam
477 4591 667 4653 Eustothius
697 4593 898 4670 observavit;
929 4595 1093 4668 digamma
1124 4594 1209 4654 certe
1236 4591 1386 4651 adiectivi
1408 4591 1494 4662 irrep
1517 4605 1613 4651 nemo

347 4693 543 4771 causabitur,
575 4711 637 4755 non
671 4695 758 4756 euim
790 4697 822 4758 iu
853 4698 992 4758 eundem
1020 4711 1150 4758 versum
1173 4693 1332 4766 quadrant
1356 4694 1486 4753 vetusta
1510 4693 1614 4753 forma

346 4798 434 4869 dioec
465 4798 499 4857 et
529 4795 716 4856 recentioris
746 4798 832 4858 ladls
862 4799 1022 4858 terminus
1041 4802 1105 4856 -oor
1128 4810 1184 4870 pro
1207 4807 1279 4852 -ᾱσι,
1299 4793 1412 4866 Itaque
1435 4793 1611 4866 genuinum
