3880 5678
1001 800 1062 860 182
1092 755 1095 761 ¹
1567 798 1597 870 [s
1619 799 1661 858 cs

400 998 455 1043 cos
488 983 632 1043 servavit
664 985 871 1061 potestatem,
910 987 1009 1060 utque
1050 985 1171 1046 vocalis
1203 1003 1226 1045 u
1256 986 1366 1060 posset
1395 984 1497 1045 oculis
1527 985 1662 1062 ostendi,

398 1100 519 1146 novum
541 1083 671 1158 siguum
697 1087 725 1143 Τ
742 1089 800 1146 aut
819 1087 852 1146 in
875 1087 947 1162 ipsa
969 1087 1102 1148 Graecia
1121 1088 1290 1148 inventum
1310 1089 1369 1148 aut
1388 1086 1516 1148 aliunde
1536 1087 1661 1148 desum·

400 1187 471 1246 tum
502 1187 568 1261 eet;
601 1188 670 1247 tarn
701 1188 834 1261 antiqua
865 1191 976 1250 autem
1003 1188 1036 1249 in
1060 1188 1193 1250 Graecia
1216 1191 1267 1250 est
1289 1187 1399 1249 littera
1425 1189 1454 1246 Τ
1472 1203 1570 1262 quam
1594 1189 1664 1264 ipsa

401 1303 454 1350 ars
477 1288 643 1351 scribendi.

444 1389 559 1466 Verba,
588 1406 724 1465 quorum
754 1391 845 1453 radix
875 1408 895 1454 a
924 1409 1064 1456 consona
1087 1414 1119 1470 J·
1142 1393 1299 1468 incepisse
1323 1392 1494 1466 aliquando
1519 1395 1662 1456 credeba-

402 1492 464 1567 tur,
488 1491 583 1551 ellter
603 1507 689 1553 nunc
711 1492 921 1566 explicantur.
945 1494 970 1553 Id
994 1494 1110 1568 quibus
1130 1507 1211 1566 quae
1232 1494 1272 1554 ad
1292 1492 1499 1554 Homericam
1520 1493 1664 1567 linguam

402 1593 573 1668 pertinent,
597 1593 677 1654 haec
701 1596 795 1654 sunt:

446 1685 525 1769 ἵεμαι
548 1688 578 1768 (5
602 1689 678 1770 201)
701 1707 764 1753 non
783 1693 909 1772 ρί-ρεμαι
932 1695 989 1755 ssd
1007 1693 1110 1772 Ηεμαι
1129 1693 1334 1755 scribendum
1352 1709 1456 1766 neque
1476 1708 1551 1755 cum
1569 1692 1667 1752 verbo

403 1788 467 1870 ῗημι
491 1787 631 1871 (strepa)
655 1794 913 1856 confundendum
938 1797 998 1856 est.

448 1892 488 1965 ὥς
511 1891 542 1971 (5
566 1893 641 1974 101)
666 1897 743 1958 olim
766 1895 829 1969 ἰώς
850 1897 959 1974 luisse,
981 1897 1012 1958 id
1032 1898 1115 1971 quod
1134 1897 1270 1972 Bentley
1290 1896 1367 1958 olim
1388 1897 1506 1958 statuit
1525 1896 1670 1957 metricis

404 1995 582 2056 rationibus
615 1999 741 2076 ductus,
776 2014 861 2060 nuuc
893 2001 1021 2073 propter
1056 1999 1222 2059 Locricum
1256 1997 1323 2058 fin
1359 1998 1436 2059 (loll.
1473 1991 1571 2059 1479·
1602 1997 1670 2056 veri

406 2096 612 2159 simillimum
643 2102 711 2173 eet;
744 2099 949 2160 conferuntur
974 2099 1044 2160 Get.
1067 2101 1121 2159 ecre
1143 2102 1177 2159 et
1199 2099 1302 2160 Latin.
1325 2099 1514 2160 recad=aic
1539 2097 1671 2157 (tollatis

406 2198 517 2257 tamen
551 2198 655 2258 verbis
685 2201 797 2260 rustici
828 2200 1025 2272 Megarensie
1056 2200 1139 2274 apud
1170 2199 1332 2273 Aristoph.
1363 2200 1503 2258 Acheru.
1528 2198 1590 2258 762
1614 2193 1671 2267 τὼς

407 2294 548 2378 ἀρωραῖοι
577 2297 649 2377 μύες
681 2316 734 2360 ceu
764 2315 870 2360 murce
899 2304 1032 2374 oprcelce
1062 2300 1146 2360 haud
1178 2300 1285 2374 inepte
1316 2297 1487 2360 coniecerit
1510 2297 1670 2370 quispiam

408 2399 515 2474 spicae
538 2399 666 2475 linguae
690 2402 925 2462 restituendum
949 2416 1021 2461 eese
1042 2399 1114 2475 τώς;
1135 2415 1175 2460 en
1197 2401 1280 2475 apud
1305 2399 1554 2474 Aristophanem
1577 2396 1668 2457 libre·

408 2501 529 2562 riorum
553 2502 647 2577 culpa
668 2502 860 2578 particulam
882 2500 945 2574 fois
968 2503 1150 2576 corruptam
1175 2517 1246 2562 esse
1269 2501 1302 2561 in
1325 2500 1381 2573 τώς
1404 2499 1606 2560 statuimus?

453 2600 525 2683 ἕηκα
549 2602 579 2681 (5
605 2605 665 2665 131
691 2605 724 2664 et
750 2604 824 2680 196)
847 2605 1059 2677 augmentum
1083 2618 1180 2664 suum
1199 2602 1392 2678 syllabicum
1412 2602 1507 2663 debet
1525 2600 1672 2676 spiranti,

411 2705 493 2766 unde
527 2704 606 2766 olim
639 2706 719 2766 haec
751 2705 844 2766 radix
874 2705 1074 2779 ordiebatur;
1107 2705 1163 2765 sed
1195 2705 1300 2778 ipsam
1323 2704 1414 2764 illam
1437 2703 1615 2777 spirantem
1639 2701 1672 2760 in

410 2804 519 2880 lingua
550 2805 721 2868 Homerica
750 2807 873 2867 vixisse
896 2807 968 2866 inde
993 2820 1057 2866 noo
1080 2805 1186 2879 magis
1208 2806 1316 2879 potest
1337 2803 1552 2865 demonstrari
1574 2816 1673 2875 quam

410 2924 452 2969 ox
473 2908 656 2969 Atticorum
674 2910 857 2983 praeteritis
879 2905 973 2969 ἑάλων
998 2909 1031 2970 et
1052 2905 1170 2967 ἐώθουν
1194 2906 1353 2981 colligitur
1374 2905 1506 2966 Periclis
1522 2903 1674 2976 aequales

411 3011 531 3072 dixisse
561 3011 697 3072 felevun
731 3015 765 3073 et
797 3012 922 3072 fodris.
953 3013 1066 3086 Itaque
1098 3013 1124 3070 A
1155 3012 1195 3072 'id
1225 3011 1334 3070 hiatus
1365 3007 1512 3070 lectionis
1535 3006 1672 3066 traditae

410 3110 516 3193 ἀστέρα
545 3105 597 3193 ἧκε
627 3129 692 3176 uon
719 3115 765 3177 ita
789 3116 992 3178 excusandus
1015 3117 1066 3175 est
1089 3115 1125 3175 ut
1147 3115 1324 3188 spirantem
1348 3111 1425 3172 olim
1450 3107 1673 3171 intercessisse

413 3217 607 3294 statuamus,
628 3218 683 3279 sed
702 3233 740 3280 ea
759 3220 882 3282 ratione
903 3233 1001 3292 quem
1021 3217 1141 3278 dudum
1161 3215 1315 3276 indicavit
1334 3213 1456 3273 Burnes
1475 3213 1527 3271 est
1546 3209 1674 3283 explen-

413 3320 490 3380 dus:
515 3318 673 3378 scribetur
695 3314 786 3398 ἀστέρ’
811 3315 886 3397 ἕηκε.
911 3319 981 3380 Non
1005 3319 1113 3378 autem
1134 3331 1181 3392 pc
1206 3314 1261 3374 sed
1280 3329 1324 3374 ec
1345 3312 1433 3373 verbi
1451 3309 1516 3388 ἴημι
1534 3309 1675 3369 redicem

414 3434 486 3479 esse
508 3418 590 3478 satis
612 3418 679 3479 iam
702 3423 848 3480 constare
874 3419 1010 3480 videtur.
