3934 5706
345 761 364 830 ἐ
387 761 441 833 41]
956 757 1017 817 173

344 959 448 1018 neque
468 944 619 1018 -poscunt
651 956 754 1015 nequo
788 940 935 1002 reiciunt.
978 941 1174 1016 Quapropter
1207 943 1451 1005 assentiendum
1487 945 1614 1007 videtur

345 1045 418 1107 aliis
448 1043 618 1120 philologis
650 1042 797 1114 (Loskien
827 1041 939 1103 Nauck
967 1041 1182 1105 vHerwerden
1203 1043 1289 1120 Fici,
1314 1043 1377 1105 vid.
1401 1045 1501 1107 etiam
1524 1047 1614 1108 Knos

345 1164 374 1223 p.
402 1148 485 1223 188),
513 1147 567 1221 qui
587 1144 745 1218 negarunt
768 1143 913 1205 litteram
935 1143 958 1201 f
981 1143 1055 1204 huic
1078 1144 1148 1204 roci
1171 1159 1244 1205 esse
1267 1146 1512 1224 appingendam
1537 1161 1612 1209 cum

345 1247 503 1308 adiectivo
527 1243 627 1322 ἥσσων
649 1243 766 1321 ἤκιστος
789 1245 1030 1318 coniungentes,
1051 1247 1224 1317 praeeunte
1244 1245 1446 1322 Aristarcho;
1468 1249 1539 1318 ci.§
1560 1251 1612 1311 87.

390 1410 442 1468 33.
466 1404 582 1483 hirom
612 1409 730 1490 (χαλκῷ)
762 1408 792 1464 11
816 1406 880 1466 408
912 1408 942 1464 Σ
964 1408 1027 1466 340
1051 1428 1069 1464 κ
1093 1408 1167 1468 360.
1191 1407 1307 1468 Tribus
1330 1409 1381 1470 his
1403 1409 1483 1471 iocis
1506 1427 1612 1474 neees-

344 1509 467 1569 sarium
497 1507 549 1568 ost
570 1507 603 1584 ἰ,
629 1507 712 1568 alias
739 1522 802 1567 non
833 1506 971 1568 occurrit
998 1508 1058 1569 hoc
1081 1508 1289 1585 adiecturum,
1317 1511 1400 1583 quod
1424 1512 1539 1574 dubiae
1562 1516 1614 1574 est

343 1610 515 1687 potcstatis
534 1609 666 1686 (sulpeum
674 1613 701 1681 7)
724 1613 757 1672 et
779 1609 908 1685 ignotae
931 1609 1072 1686 originis.
1097 1611 1204 1672 Etiam
1225 1611 1410 1673 nominibus
1429 1613 1527 1688 igitur
1544 1631 1612 1691 pro·

344 1715 422 1790 priis
456 1712 594 1790 Frivonoo
626 1733 674 1772 -ru
716 1711 819 1790 -πίδης
858 1715 895 1774 ut
931 1713 1159 1788 praemittatur
1189 1713 1222 1786 f,
1251 1713 1282 1774 id
1313 1716 1397 1788 quod
1432 1715 1500 1778 fleri
1535 1719 1614 1780 sinit

344 1819 497 1892 metrum,
521 1817 776 1876 consentaneum
800 1817 860 1876 est.

389 1980 441 2039 40.
464 1978 547 2054 iope
571 1972 600 2040 Ξ
621 1977 683 2036 132
706 1997 725 2054 y
751 1976 813 2035 164
837 1994 860 2032 π
883 1977 958 2050 375,
982 1971 1031 2034 ἐπὶ
1052 1975 1135 2053 ‚sipon
1158 1971 1260 2053 φέρειν
1283 1978 1312 2034 Α
1336 1977 1411 2050 572,
1435 1979 1499 2037 578
1521 1993 1539 2036 c
1559 1982 1612 2055 56,

343 2074 557 2156 ἕσιίἡρσνσΰ)
587 2097 603 2134 τ
626 2075 701 2134 343.
737 2075 788 2134 Ita
809 2075 1013 2135 scribendum
1038 2089 1111 2136 esse
1134 2074 1226 2135 docet
1249 2075 1401 2152 metrum,
1425 2075 1502 2138 licet
1524 2079 1612 2153 origo

344 2181 432 2242 uocis
454 2179 565 2240 lateat.
589 2177 706 2238 Nullus
729 2191 842 2237 uersus
865 2176 982 2238 obstat.

388 2344 440 2403 41.
474 2340 585 2422 fppiov
623 2343 658 2400 Ψ
692 2343 764 2404 126.
800 2341 882 2417 Vox,
917 2341 1010 2402 cuiue
1046 2341 1146 2417 stirps
1179 2342 1270 2420 latet,
1304 2342 1337 2403 in
1372 2341 1514 2405 Homero
1548 2360 1611 2406 non

343 2443 435 2520 rodit,
460 2446 517 2505 sed
541 2446 684 2504 metrum
708 2444 769 2504 hoo
792 2442 861 2505 loco
884 2442 1029 2504 littorum
1052 2442 1076 2501 f
1097 2444 1212 2518 poscit.

388 2607 440 2667 42.
467 2604 606 2686 Ριάνειρσ
631 2606 665 2667 et
688 2603 862 2664 Μάνασσα
881 2606 911 2663 Σ
931 2605 972 2665 47
997 2606 1090 2676 (duae
1113 2604 1286 2677 Nereides).

387 2760 429 2817 43
452 2752 513 2834 iio,
541 2757 623 2835 Ηφι,
653 2757 734 2832 plur.
764 2756 859 2834 Horo,
880 2751 992 2834 Ηνιον,
1013 2752 1105 2832 Ηφιὰ
1129 2760 1239 2834 (μῆλα).
1264 2757 1458 2820 1)(11173111117
1479 2761 1614 2823 nomina

342 2859 469 2934 propria
499 2859 597 2936 Fr‘prp,
619 2857 842 2936 Rptfoivuoou,
867 2854 1052 2935 Ριφῖμὲδεια,
1075 2855 1255 2936 17φῖδάμας,
1275 2854 1416 2934 Heraios
1439 2865 1525 2932 (curn
1548 2863 1611 2924 adi.

343 2961 560 3035 Ριφικιεεεῖσς),
588 2957 741 3036 meteone,
767 2955 891 3036 Fipirop
914 2964 1001 3031 (curn
1024 2961 1256 3034 patronymicis
1275 2958 1420 3038 Frptrinv
1442 2966 1476 3024 et
1501 2962 1612 3040 i'rpiti-

343 3061 420 3137 1479),
443 3060 565 3136 mvidi-

387 3160 534 3222 cernitur
557 3160 723 3234 digamma
745 3160 779 3220 in
802 3160 988 3221 nominibus
1010 3160 1146 3234 propriis
1169 3157 1291 3236 Ρίφιισς
1317 3161 1610 3239 (recensuerat),

345 3259 491 3337 Γιφιάδσς
514 3262 625 3322 Boeoi.
651 3262 726 3336 488,
752 3259 965 3338 repromitto
988 3261 1095 3321 Boeot.
1126 3261 1199 3322 713.

388 3364 506 3424 iterem
541 3361 772 3424 correctionem
806 3361 974 3436 requirunt
1008 3377 1123 3422 versus
1156 3360 1320 3424 Homerici
1352 3363 1464 3424 3318
1496 3364 1609 3425 Δ287

346 3467 373 3524 t·
403 3469 467 3528 600
499 3470 530 3524 Λ
561 3465 622 3526 201
658 3465 697 3523 Μ
722 3467 785 3526 307
820 3465 849 3523 Φ
872 3465 936 3525 300
966 3467 982 3522 i
1010 3463 1084 3540 284,
1120 3465 1260 3526 maiores
1294 3463 1464 3526 molestias
1496 3469 1612 3540 parent

344 3569 458 3628 3720
482 3570 506 3626 Ζ
530 3567 594 3628 478
619 3569 644 3624 Ρ
665 3566 727 3627 733
751 3570 766 3625 i
791 3567 864 3626 306.

388 3669 592 3731 Adiectivum
617 3667 827 3728 honorificum
850 3666 978 3745 ἴφθιμος
1001 3682 1076 3728 cum
1100 3667 1290 3750 1110311101
1310 3668 1479 3730 cohaerere
1500 3684 1609 3742 quam·

343 3787 441 3845 quam
481 3771 577 3832 multi
614 3769 857 3846 contenderunt,
900 3769 968 3831 veri
998 3767 1253 3829 dissimillimum
1288 3769 1446 3844 ducimus,
1485 3772 1611 3832 certum

343 3877 454 3934 nutem
478 3873 614 3934 estnon
638 3871 855 3946 praemissum
878 3870 995 3931 habere
1017 3869 1183 3944 digamma
1205 3870 1237 3929 in
1262 3868 1371 3944 lingua
1393 3869 1492 3944 spica.

388 4023 440 4086 44.
471 4019 573 4102 fiper
603 4039 735 4098 puopcro
765 4023 794 4093 (ἓ
818 4024 904 4098 201),
927 4015 1060 4098 sinopem,
1090 4017 1238 4098 ifiocpqv
1268 4020 1368 4090 (codd.
1396 4015 1474 4099 ἵεμαι
1497 4019 1613 4100 εἴσομαι

344 4125 501 4206 εἐισάμην).
525 4159 567 4170 -
596 4125 665 4186 Ηοσ
696 4125 841 4200 verbum,
877 4124 960 4199 quod
996 4123 1120 4198 primus
1155 4123 1289 4197 agnovit
1319 4123 1446 4184 Ahrens
1470 4123 1611 4200 (conjug.

345 4230 403 4290 aui
429 4251 487 4307 -μι,
518 4227 613 4304 1838,
644 4241 674 4302 p.
708 4227 760 4302 24,
786 4227 825 4286 ci.
858 4227 891 4286 L.
917 4225 1024 4298 Meyer
1054 4224 1209 4284 Bezzenb.
1241 4223 1339 4284 Beitr.
1371 4225 1395 4284 1.
1420 4239 1450 4298 p.
1476 4226 1562 4301 301),
1593 4243 1614 4286 a

345 4329 574 4392 recentioribus
611 4327 783 4388 confusum
827 4330 878 4387 est
913 4342 987 4388 cum
1023 4326 1131 4387 verbis
1167 4323 1231 4402 ἴημι
1265 4327 1299 4385 et
1329 4317 1394 4402 εἶμι.
1434 4325 1612 4400 Quominus

344 4431 534 4493 restituatur
564 4429 587 4487 i
609 4429 788 4504 repugnant
810 4427 870 4490 soli
893 4442 1008 4489 vorsus
1030 4428 1065 4488 N
1086 4429 1129 4488 30
1152 4428 1234 4500 (=P
1252 4427 1328 4496 283)
1351 4428 1381 4484 Σ
1404 4426 1464 4486 601
1491 4425 1524 4483 Ω
1547 4429 1610 4488 462

345 4536 364 4616 β
388 4537 451 4598 327
472 4536 486 4609 ξ
508 4536 570 4598 142
590 4555 606 4593 ο
627 4535 701 4594 213.
727 4531 869 4607 cognata
892 4533 969 4594 sunt
990 4529 1088 4609 Ηωκή
1112 4531 1145 4593 et
1166 4529 1246 4608 ituri
1270 4528 1305 4590 n⁰
1329 4530 1380 4591 34.

390 4655 442 4764 te.
466 4701 520 4762 nr
542 4703 570 4774 (5
594 4701 679 4773 212).

388 4809 420 4876 a)
443 4801 557 4882 Ffrdov,
577 4801 710 4881 marroc,
730 4800 872 4882 Macros,
892 4801 1021 4883 mione,
1043 4803 1224 4876 Helii-Fidae.
1247 4803 1337 4864 Sitne
1357 4800 1409 4862 his
1428 4802 1611 4864 addendum

346 4905 541 4968 adiectivum
564 4901 686 4982 ἀΐδηλος
708 4905 883 4966 dubitatur.
