3958 5696
298 643 316 710 ἕ
339 639 415 709 3261
901 641 965 700 579

454 819 545 881 δι’λλον
569 815 597 882 δ’
624 819 661 882 ot
684 843 733 882 τευ
755 821 847 883 dotto
871 829 921 883 τεῦ
945 819 991 882 διν
1013 820 1104 883 arms
1126 822 1229 902 τεύχεα
1253 822 1327 900 δύω,

298 922 337 981 de
360 937 422 994 quo
444 937 643 996 quamquam
667 923 794 984 diverse
817 923 950 984 iudicari
970 925 1088 1000 potest,
1111 923 1143 984 id
1163 923 1219 983 vix
1236 938 1257 983 a
1275 939 1438 999 quoquam
1459 925 1570 999 negari

297 1037 392 1098 posse
415 1023 553 1100 videtur,
577 1023 715 1084 moleste
738 1024 900 1085 abundare
924 1019 970 1082 δν.

341 1227 483 1300 Denique
518 1229 551 1288 in
586 1229 646 1288 hac
680 1228 907 1301 disputationis
941 1228 1072 1288 nostrae
1107 1228 1198 1300 parte
1229 1227 1413 1288 afferendus
1444 1228 1571 1289 videtur

298 1343 413 1388 versus
439 1329 468 1386 Φ
490 1329 564 1404 358,
588 1343 686 1402 quem
709 1343 784 1389 oum
809 1319 924 1389 vicinis
946 1327 1129 1388 excribem:

454 1425 482 1486 εδ
504 1421 532 1486 δ’
557 1423 596 1484 δν
619 1424 675 1506 lyd
697 1427 820 1499 τούτους
843 1423 897 1506 μὲν
921 1425 1158 1488 ὑποκλονέεσθαι
1181 1423 1258 1486 ἐάσω

457 1527 589 1610 Πηλεΐδη
612 1531 728 1607 Ἀχιλῆι,
748 1524 837 1588 ποσὶν
861 1522 890 1588 δ’
916 1524 975 1587 ἀπὸ
998 1527 1103 1606 τείχεος
1126 1523 1200 1610 δι’λλη

454 1629 556 1710 φεύγω
579 1627 653 1709 πρὸς
676 1629 780 1691 πεδίον
800 1624 920 1709 Ἰλὴιον,
942 1623 1022 1708 ὄφρ’
1049 1625 1096 1688 διν
1118 1627 1226 1705 ἵκωμαι

448 1730 530 1811 Ἴδης
553 1754 582 1794 τε
605 1733 738 1812 κνημοὺς
763 1732 837 1793 κατά
861 1756 889 1794 τε
914 1731 1032 1813 ῥωπήια
1056 1731 1127 1794 δύω.

298 1836 427 1911 Agenor
460 1837 637 1899 meditatur
671 1837 782 1914 lugam
817 1837 850 1898 in
885 1838 961 1899 ldae
997 1836 1111 1908 saltus,
1147 1835 1201 1896 ubi
1236 1837 1277 1898 ad
1309 1839 1437 1898 noctem
1469 1855 1571 1912 usque

299 1939 525 2000 δο111οοοο1ο1
547 1939 683 2001 Achillis
705 1941 846 2000 lurorem
870 1939 1012 2014 effugiat.
1044 1937 1127 1999 illud
1152 1953 1227 2000 vero
1251 1937 1355 1999 πιλίον
1373 1933 1483 2016 'illitos
1506 1941 1571 2002 ubi·

299 2057 376 2102 nam
408 2044 484 2103 est?
514 2042 690 2104 Iliacamne
716 2041 878 2117 slgnlilcat
901 2042 1094 2117 planitiem?
1117 2042 1153 2100 at
1175 2039 1253 2101 illuc
1275 2057 1312 2102 se
1334 2043 1495 2118 proripere
1517 2045 1572 2118 qui

298 2144 411 2220 possit,
435 2144 468 2204 in
492 2161 556 2217 qua
579 2146 639 2206 hoc
662 2145 731 2220 ipso
754 2144 910 2220 temporis
932 2145 1051 2219 puncto
1082 2143 1225 2204 incertus
1252 2145 1353 2206 animi
1376 2146 1509 2207 adstet?
1533 2147 1573 2206 Et

300 2262 357 2307 cur
379 2248 420 2308 ad
443 2247 646 2307 indicandam
674 2246 766 2307 illam
788 2246 967 2322 planitiem,
994 2260 1092 2319 quam
1116 2260 1232 2306 omnes
1254 2244 1288 2305 τὸ
1313 2243 1447 2325 Τρωικὸν
1469 2247 1573 2308 πεδίον

299 2347 471 2425 appellant,
509 2348 662 2409 vocabulo
695 2349 799 2409 utitur
832 2348 928 2423 plane
959 2348 1127 2408 inaudito?
1159 2346 1346 2408 Correctum
1378 2351 1427 2409 est
1451 2343 1576 2426 Ἰδήιον,

299 2448 359 2508 hoc
389 2465 465 2509 vero
489 2450 541 2508 est
570 2448 699 2508 clavum
724 2448 815 2509 clavo
840 2447 1011 2522 expellere,
1035 2447 1114 2506 nihil
1139 2448 1227 2507 eninr
1251 2449 1299 2506 sic
1322 2448 1486 2508 lucramur
1510 2449 1573 2508 nisi

300 2548 513 2620 tautologiam
544 2563 676 2621 prorsus
707 2562 770 2606 noo
803 2547 978 2607 ferendam.
1011 2546 1132 2605 Verum
1164 2546 1488 2620 indeterminando
1512 2549 1572 2621 epi·

299 2647 389 2707 theto
420 2647 503 2706 hanc
534 2647 639 2720 ipsam
671 2647 849 2723 planitiem,
878 2662 961 2720 quse
985 2661 1033 2706 vs.
1058 2645 1122 2704 602
1146 2643 1320 2722 πυροφόρος
1343 2646 1469 2722 dicitur,
1491 2647 1571 2706 desi·

298 2747 377 2819 gnat
410 2745 554 2808 Achilles
589 2749 623 2806 Ψ
651 2748 714 2806 359
748 2747 798 2816 (cl.
833 2768 843 2804 ι
876 2748 938 2807 134
969 2761 1029 2807 nec
1058 2759 1122 2806 non
1155 2748 1182 2802 Δ
1204 2745 1269 2804 484
1306 2747 1340 2803 Ψ
1368 2747 1433 2806 330
1464 2767 1477 2806 ε
1509 2748 1573 2808 443

299 2870 319 2924 η
344 2848 407 2908 232
437 2870 456 2907 κ
482 2851 565 2920 1113).
594 2850 632 2910 In
660 2863 738 2909 voce
761 2843 800 2906 dv
822 2863 898 2909 vero
921 2849 1003 2908 latet
1024 2847 1058 2908 ni
1086 2845 1179 2908 fallor
1200 2846 1443 2909 substantivum
1471 2845 1574 2928 ἄγκεα,

297 2951 394 3011 satus
428 2952 593 3028 montium,
642 2966 725 3024 quse
763 2951 951 3012 constanter
992 2951 1058 3012 lere
1093 2951 1342 3011 commemorari
1381 2952 1488 3013 solent
1519 2953 1572 3012 ubi

298 3053 477 3126 persecutio
509 3069 529 3113 a
558 3053 654 3127 poeta
691 3051 892 3129 describitur,
935 3052 998 3113 vid.
1030 3055 1060 3110 Σ
1089 3053 1151 3112 321
1191 3052 1222 3108 Χ
1256 3052 1319 3112 190
1356 3055 1390 3114 ο1
1424 3053 1572 3128 inprimis

296 3152 314 3210 δ
338 3155 401 3213 337
415 3175 475 3231 =p
502 3155 580 3214 128:
606 3151 739 3230 κνημοὺς
764 3149 892 3236 ἐξερέῃσι
915 3149 964 3211 καλ
988 3149 1079 3232 ἄγκεα
1102 3149 1253 3228 ποιήεντα.
1302 3227 1304 3232 ,

341 3255 454 3327 ltaque
476 3254 579 3314 nostri
602 3253 663 3314 loci
686 3254 766 3315 haec
788 3255 915 3316 sincera
939 3254 1098 3328 scriptura
1121 3268 1193 3314 esse
1218 3253 1363 3316 videtur:

453 3355 479 3415 ει’
501 3353 534 3416 δέ
556 3349 580 3415 κ’
606 3351 662 3435 ἐγὼ
683 3359 705 3427 ¹)
727 3355 851 3427 τούτους
874 3349 928 3434 μὲν
953 3351 1188 3415 ὑποκλονέεσθαι
1211 3352 1288 3416 ἐάσω

454 3458 586 3542 Πηλεΐδη
610 3461 728 3538 Ἀχιλῆι,
751 3454 840 3518 ποσὶν
864 3451 893 3518 δ’
920 3454 980 3518 ἀπὸ
1003 3457 1108 3537 τείχεος
1132 3453 1205 3543 du„

452 3562 553 3642 φεύγω
577 3559 652 3640 πρὸς
675 3560 779 3622 πεδίον
801 3565 921 3639 λεῖον,
944 3554 1009 3640 ὄφρ’
1035 3554 1136 3642 ἄγκε’
1162 3561 1271 3640 ἵκωμαι

448 3660 528 3740 Ἴδης
551 3683 580 3723 τε
603 3660 747 3741 κνημοὺς,
768 3661 843 3722 κατά
865 3683 895 3722 τε
918 3660 1035 3742 ῥωπήια
1058 3661 1130 3723 δύω.

296 3767 448 3841 Apparet,
470 3763 663 3840 particulam
687 3783 716 3822 τε
740 3764 814 3840 post
830 3759 912 3840 Ἴδης
936 3762 1137 3839 collocatam,
1161 3778 1243 3837 quae
1267 3764 1426 3826 hactenus
1445 3765 1569 3826 inutilis

296 3869 375 3944 erat,
407 3867 474 3928 iarn
505 3881 601 3927 suom
624 3863 687 3925 sibi
710 3864 853 3926 obtinere
877 3863 955 3926 vim.
980 3865 1104 3926 Vitium
1128 3865 1251 3942 peperit
1274 3881 1375 3942 prava
1399 3867 1569 3929 verborum

296 3970 410 4030 divisio
441 3963 506 4046 ὄφρ’
540 3963 578 4027 ἄν
609 3988 641 4026 κε
672 3965 787 4044 ἵκωμαι.
819 3966 897 4027 Post
926 3962 1007 4046 ὄφρα
1037 3968 1131 4028 donec
1154 3967 1314 4028 omissum
1340 3969 1391 4030 est
1413 3990 1445 4029 κε
1469 3970 1569 4031 etiam

297 4075 326 4130 A
349 4072 391 4132 82
417 4073 454 4130 M
477 4069 539 4130 231
566 4069 616 4142 (cl.
640 4084 711 4144 pag.
738 4070 822 4139 tos).

342 4365 508 4426 Hactenus
540 4364 639 4438 igitur
668 4378 751 4436 quae
774 4363 908 4437 probare
931 4363 1051 4438 studui,
1074 4363 1137 4423 huc
1156 4363 1308 4423 redeunt:
1333 4363 1473 4424 alienam
1497 4379 1570 4424 esse

296 4481 316 4526 a
346 4465 456 4539 lingua
485 4464 660 4525 Homerica
689 4463 882 4539 particulam
912 4459 968 4537 δνς
998 4463 1167 4523 delendam
1198 4479 1281 4540 esse,
1312 4465 1340 4524 si
1363 4465 1468 4540 possit
1489 4463 1569 4540 lieri,

297 4566 448 4627 omnibus
479 4565 558 4627 locis
589 4564 642 4625 ubi
674 4564 767 4625 hodie
802 4565 979 4638 reperiatur
1001 4565 1164 4640 genuinis5
1196 4565 1315 4640 spuriis
1345 4566 1477 4627 demum
1503 4581 1568 4626 ver·

305 4719 375 4725 --......
386 4717 496 4724 ...----=

336 4793 355 4860 ¹)
373 4796 511 4845 Simillims
528 4799 568 4844 est
585 4797 722 4845 verborum
740 4799 891 4859 compositio
909 4803 935 4846 X
953 4801 1009 4849 ill.

1462 4887 1489 4933 87
