3944 5730
980 735 1044 796 260
1547 733 1576 804 [ἓ
1598 734 1637 794 95

377 933 514 996 bandum
551 945 623 992 esse
657 928 713 990 sed
744 948 795 1006 μιν
818 921 913 1002 αὐτήν
936 921 1000 984 -τόν
1028 923 1078 995 (ci.
1111 924 1129 994 5
1160 923 1213 994 03)
1245 923 1412 998 utrobique
1436 923 1556 985 evincit
1577 923 1637 984 hia·

378 1040 432 1098 tus
453 1041 484 1107 ¹).
505 1035 542 1095 In
564 1033 654 1092 1342
676 1045 738 1091 non
758 1027 812 1106 τὴν
830 1026 923 1088 αὐτοῦ
943 1027 1000 1088 sed
1016 1024 1078 1103 liv
1098 1025 1191 1087 αὐτοῦ
1212 1041 1325 1086 verum
1346 1025 1458 1096 est(ci.
1471 1041 1542 1101 pag.
1557 1027 1638 1096 264).

379 1140 415 1199 ln
448 1139 523 1197 Hes.
556 1135 672 1206 rheog.
704 1132 769 1192 470
799 1145 856 1205 pro
885 1127 954 1200 τοὺς
985 1125 1076 1206 αὐτῆς
1105 1129 1166 1202 leg.
1197 1125 1274 1199 fobe
1297 1125 1399 1204 αὐτῆς,
1423 1131 1456 1188 et
1477 1144 1533 1204 pro
1564 1126 1640 1210 αὑτῷ

380 1240 456 1298 llos.
490 1236 581 1311 Oper.
607 1235 669 1294 293
703 1235 735 1292 et
759 1231 823 1291 236
852 1229 1054 1291 scribendum
1079 1232 1130 1289 est
1152 1226 1240 1298 αὐτός
1264 1232 1305 1298 (v.
1327 1226 1377 1302 l.);
1403 1229 1459 1288 sed
1482 1229 1640 1302 Theogon.

383 1340 444 1399 123
472 1334 601 1416 ἐγείνατο
630 1335 720 1394 licon
743 1330 833 1416 ἑαυτῇ
857 1332 1034 1404 (aarum
1055 1335 1138 1406 pap.)
1160 1330 1274 1390 leuiter
1294 1329 1407 1404 corrigi
1433 1331 1553 1404 nequit,
1585 1344 1642 1390 nec

381 1454 443 1501 non
463 1453 483 1499 a
505 1435 642 1498 dictione
665 1435 754 1511 eplca
777 1431 941 1496 aberratd
964 1433 1026 1494 247
1048 1435 1156 1508 (spur.)
1180 1427 1258 1516 ciliga
1283 1425 1313 1490 d'
1340 1428 1431 1491 αὑιὸν
1455 1433 1519 1503 (rol
1542 1429 1642 1503 αὐτὸν)

381 1537 457 1620 φωτὶ
479 1537 692 1618 κατακρύπτων
716 1533 852 1598 litiano
876 1537 950 1609 (vid.
975 1537 1075 1598 etlam
1099 1537 1120 1598 l.
1144 1551 1173 1597 a.
1196 1535 1215 1594 d
1241 1537 1326 1606 244).

780 1774 822 1834 11.
857 1773 1050 1834 Pronormm
1069 1773 1245 1848 poeomeiva

429 1959 450 2040 fi
474 1959 529 2025 ab.
565 1961 593 2029 1)
617 1955 686 2035 ἐμός
708 1972 804 2017 merea.

430 2065 461 2133 2)
494 2060 556 2132 τεός
591 2059 660 2119 sive
695 2057 746 2130 σός
779 2061 860 2118 tuoe.
896 2058 1054 2118 Primaria
1089 2057 1192 2118 iorma
1227 2057 1289 2117 iult
1323 2055 1441 2132 ι(ε))ῑός,
1472 2058 1645 2131 pleniorem

384 2169 494 2226 autem
529 2164 626 2235 atque
657 2159 862 2232 integriorem
894 2158 1032 2218 formam
1062 2157 1125 2228 τεός
1155 2158 1207 2218 hic
1237 2158 1303 2218 illic
1333 2158 1366 2217 in
1398 2158 1566 2231 vulgarem
1596 2155 1647 2228 σός

383 2266 502 2326 abiisse
531 2261 624 2335 culpa
654 2265 823 2319 cantorum
855 2257 905 2318 vel
930 2259 1142 2334 librariorum,
1168 2258 1260 2318 facile
1284 2257 1498 2332 intellegitur3
1523 2259 1570 2319 sic
1592 2271 1647 2332 pro

386 2362 543 2447 Τηλεμάχῳ
574 2371 615 2444 σῷ
646 2357 703 2420 υἱέι
733 2379 756 2418 π
788 2360 851 2419 438
882 2359 1053 2433 legendum
1085 2374 1157 2420 osse
1187 2369 1241 2442 τεῷ
1265 2359 1384 2419 evincit
1406 2361 1559 2434 metrum,
1584 2358 1646 2418 vid.

384 2469 402 2536 3
436 2467 486 2542 14,
518 2468 551 2524 et
580 2476 636 2537 pro
666 2459 699 2520 τὸ
728 2459 792 2536 σόν,
820 2457 855 2519 τὰ
886 2459 923 2518 σά
947 2464 1059 2536 poetae
1083 2461 1260 2522 reddendae
1282 2463 1360 2521 sunt
1387 2475 1483 2521 voces
1505 2461 1647 2522 sincerae

384 2566 459 2644 τεόν,
484 2564 532 2626 τεά
557 2567 585 2623 Α
611 2564 683 2640 185,
708 2563 770 2623 207
796 2563 829 2620 Π
850 2564 893 2621 40
917 2565 976 2623 etc.
1002 2562 1052 2634 (oi.
1076 2577 1147 2638 pag.
1173 2563 1257 2632 204).

430 2672 461 2740 3)
484 2665 554 2740 ἕίός
576 2667 646 2726 slve
668 2663 724 2736 frio
747 2680 832 2726 euna.
857 2665 1015 2725 Primaria
1038 2665 1142 2726 forma
1165 2665 1226 2725 iuit
1255 2663 1377 2743 σ(ε)1[ός.
1401 2667 1521 2740 Aperto
1544 2679 1647 2726 errore

386 2772 512 2836 Bekker
543 2769 661 2842 aliique
684 2767 761 2828 olim
786 2767 927 2828 Homero
950 2767 1134 2830 tribuebant
1160 2767 1299 2830 iormam
1322 2768 1403 2844 feda,
1424 2770 1547 2845 decepti
1571 2768 1649 2829 locis

386 2877 439 2937 ubi
463 2875 591 2934 litterae
613 2871 718 2944 sigma
742 2869 879 2944 vestigia
901 2872 1055 2945 apparent
1078 2871 1111 2930 in
1134 2871 1241 2945 hiatu;
1268 2871 1331 2932 vid.
1355 2871 1373 2940 3
1396 2870 1461 2932 44³.

431 2975 588 3048 Integrior
618 2971 722 3032 forma
751 2967 821 3042 ifle
851 2971 946 3046 perlit
972 2972 1180 3048 eteocle,
1207 2972 1260 3032 ubi
1283 2969 1318 3031 τὰ
1340 2967 1359 3030 ἃ
1384 2972 1576 3033 mutandum
1600 2973 1651 3032 est

386 3080 420 3139 iu
443 3073 507 3136 ἑίὰ.

434 3173 594 3236 Feminini
624 3172 861 3232 nominativum
893 3169 914 3248 ἤ
943 3169 1010 3250 (ἰή)
1034 3173 1067 3232 in
1094 3173 1291 3234 carminibus
1314 3175 1412 3249 epicis
1435 3189 1497 3234 non
1520 3173 1652 3249 reperiri

391 3277 542 3340 observat
564 3273 765 3334 Herodianus
783 3273 816 3333 iu
839 3272 971 3334 scholiis
990 3274 1029 3334 ad
1046 3278 1075 3333 A
1095 3275 1176 3351 2193
1200 3274 1323 3349 plenior
1341 3277 1452 3336 tamen
1472 3277 1576 3336 torma
1594 3272 1650 3350 41))

391 3379 483 3441 extat
505 3377 538 3434 Π
561 3375 634 3452 753,
658 3388 767 3435 rarum
791 3376 901 3435 autem
924 3376 1054 3436 omnino
1078 3391 1150 3437 esse
1172 3376 1270 3436 huius
1291 3377 1489 3452 pronominis
1510 3377 1651 3439 uomina·

391 3482 495 3541 tivum
531 3477 594 3538 iart
627 3476 726 3550 ratlo;
761 3475 932 3536 masculini
961 3477 1088 3550 generis
1118 3478 1339 3538 nominativus
1369 3480 1497 3539 nonnisi
1528 3481 1556 3536 li
1589 3479 1651 3538 256

391 3581 409 3640 d
433 3580 497 3642 618
521 3576 594 3656 (=o
620 3572 695 3653 118)
719 3576 737 3633 d
759 3576 823 3636 343
847 3577 993 3638 occurrit.

434 3679 566 3740 Novicio
589 3691 652 3736 usu
674 3672 721 3745 ἑός
744 3676 923 3736 adhibitum
947 3678 998 3736 est
1019 3691 1076 3749 pro
1099 3673 1237 3754 σφέτερος
1260 3678 1337 3739 Hes.
1363 3677 1418 3752 Op.
1445 3680 1497 3755 58,
1521 3678 1600 3738 item
1620 3675 1651 3748 ὅς

392 3780 509 3852 Theos,
543 3779 602 3851 713
633 3777 715 3850 apud
738 3776 973 3838 Alexandrinos
996 3773 1043 3847 ἑός
1066 3777 1165 3837 etiam
1190 3781 1262 3838 luae
1286 3779 1373 3840 valet
1397 3780 1554 3841 Theocrit.
1578 3780 1609 3840 X
1632 3781 1650 3840 2

392 3880 483 3942 XVII
515 3880 557 3941 50
587 3877 681 3938 Xilll
714 3879 786 3955 173,
818 3878 898 3938 item
929 3875 962 3950 ὃς
992 3893 1080 3938 mara
1110 3880 1206 3951 atque
1235 3885 1336 3942 noelcr
1365 3881 1525 3958 significat
1548 3881 1651 3956 Apoll.

392 3984 451 4045 Rb.
484 3982 527 4043 IV
560 3981 644 4042 1036
675 3983 736 4042 eto.
762 4013 803 4024 -
827 3980 1008 4041 Praeivisse
1039 3981 1227 4043 credebatur
1256 3983 1417 4045 Homerus
1450 3986 1553 4046 1455
1577 4007 1587 4042 ι
1611 3984 1652 4044 28

393 4082 469 4164 (vid.
493 4084 532 4144 de
556 4082 703 4144 hocloco
723 4097 794 4158 pag.
816 4079 909 4160 261);
933 4098 1033 4156 quam
1056 4084 1236 4158 opinionem
1260 4086 1328 4146 iure
1355 4085 1505 4146 reiecisse
1529 4085 1655 4146 videtur

393 4185 611 4260 Aristarchus,
642 4183 681 4245 ci.
706 4187 735 4242 A
758 4185 821 4244 393
845 4187 874 4242 Γ
893 4185 956 4244 244
981 4189 1011 4242 Λ
1037 4186 1098 4245 142
1122 4188 1182 4246 etc.
1203 4219 1242 4228 -
1261 4187 1394 4247 Errasse
1418 4187 1653 4263 Aristarchum,

393 4303 509 4365 nempe
539 4287 729 4347 reflexivum
761 4283 856 4364 (iiiia
887 4287 964 4346 olim
996 4287 1128 4348 cuilibet
1156 4303 1310 4362 personae
1342 4291 1486 4365 potuisse
1516 4289 1654 4366 adiungi,

394 4391 472 4451 nihil
504 4389 588 4451 euim
621 4390 683 4451 nisi
709 4390 878 4465 proprium
901 4386 1003 4468 (ἴδιον)
1027 4389 1228 4464 significasse
1250 4393 1410 4470 primitus,
1435 4391 1656 4454 demonstrare

394 4493 501 4555 conati
520 4495 598 4554 suut
616 4490 782 4554 ililrlosich
800 4493 833 4553 in
856 4492 948 4553 Actis
970 4493 1068 4555 Acad.
1090 4493 1222 4557 Vindob.
1239 4495 1322 4556 1848
1344 4497 1377 4558 et
1396 4495 1582 4571 Brugmonn
1605 4495 1657 4556 ein

394 4593 542 4656 Probiem
572 4594 628 4656 der
659 4595 882 4656 homerlsohen
912 4594 1105 4672 Textlrritllr,
1132 4597 1232 4674 187o3
1257 4599 1312 4672 qui
1335 4599 1395 4659 viri
1420 4599 1471 4661 dd.
1495 4599 1568 4660 aliis
1590 4613 1655 4673 per-

429 4896 450 4966 1)
466 4901 545 4949 neon
562 4914 623 4949 voro
639 4901 718 4948 nocer
735 4889 782 4947 ri·
799 4902 870 4960 aaa
885 4901 914 4952 a:
929 4901 983 4946 rer.
