3848 5688
973 637 1052 682 axvi

378 809 472 872 credo
501 807 720 884 significantes
749 808 961 868 contractum.
993 807 1090 868 Piura
1121 809 1271 884 exempla
1302 811 1354 872 hio
1384 812 1541 872 cumulari
1565 813 1643 872 nihil

376 925 458 988 opus
481 911 542 971 eet.

420 1012 574 1090 Quicquid
609 1013 719 1073 autern
753 1025 816 1073 non
850 1011 976 1087 poterat
1006 1013 1052 1074 ita
1082 1012 1234 1088 explicari
1266 1015 1303 1074 ut
1334 1030 1410 1076 curn
1442 1015 1642 1091 posteritatis

375 1115 576 1194 opinionibus
599 1117 797 1190 congrueret,
821 1116 878 1176 aut
900 1115 1093 1176 mutandum
1118 1115 1294 1193 videbatur,
1319 1119 1346 1178 si
1371 1117 1440 1178 iieri
1464 1119 1496 1180 id
1523 1122 1642 1196 posset,

374 1221 432 1282 aut
458 1219 638 1280 delendum.
665 1216 803 1277 idetrum
830 1217 863 1277 et
885 1219 1074 1278 contextum
1095 1218 1198 1279 tutius
1217 1233 1316 1293 quarn
1334 1220 1507 1296 pudicitiae
1530 1237 1642 1284 curum

375 1324 408 1384 et
430 1321 584 1398 pietatem
608 1333 684 1393 erga
702 1319 853 1393 parentes
876 1335 970 1394 posse
993 1321 1156 1381 contemni
1174 1321 1324 1395 opinatus
1344 1322 1396 1382 est
1415 1322 1642 1384 Aristodemus

373 1421 617 1498 grammaticus,
648 1419 702 1494 qui
731 1421 936 1493 negationem
967 1419 1004 1480 od
1031 1421 1200 1483 inserendo
1224 1422 1311 1482 cavit
1333 1437 1374 1483 ne
1397 1421 1543 1483 Phoenix
1566 1439 1639 1483 cunr

373 1525 475 1600 patris
505 1520 617 1598 pellice
648 1536 719 1582 rem
749 1520 901 1584 babuisse
933 1523 1116 1584 crederetur
1145 1524 1266 1584 iiiiii:
1292 1531 1328 1607 ι)
1352 1521 1389 1583 οὐ
1413 1522 1551 1603 πιθόμην
1573 1519 1641 1584 odd'

373 1625 451 1707 λρξα,
481 1625 566 1702 vulg.
596 1633 633 1709 ap
654 1621 792 1702 πιθόμην
813 1621 864 1684 καλ
887 1621 968 1704 ἔρεξα
989 1629 1018 1696 ¹).
1044 1625 1164 1686 Versus
1187 1626 1311 1687 vicinos
1337 1627 1355 1684 i
1376 1627 1561 1703 458-431,
1588 1629 1639 1688 ubi

373 1729 517 1790 Phoenix
539 1725 710 1788 confltetur
731 1725 765 1786 iu
788 1741 825 1786 eo
849 1726 949 1788 fuisse
973 1729 1010 1786 ut
1032 1729 1157 1801 patrem
1180 1728 1395 1804 obtruncaret,
1418 1729 1638 1791 Aristarchum

373 1847 391 1892 e
421 1830 575 1891 contextu
606 1827 768 1888 exemisse
794 1823 968 1905 φοβηθέντα
1000 1843 1040 1888 ne
1071 1828 1146 1901 quid
1178 1828 1363 1889 detrimenti
1395 1830 1468 1891 iude
1492 1835 1641 1905 caperent

372 1929 552 1992 iuventutis
571 1941 688 2000 mores,
708 1926 806 1987 refert
824 1928 1015 1989 Plutarchus
1038 1928 1077 1990 de
1097 1929 1170 1988 aud.
1188 1929 1272 2002 poet.
1286 1929 1306 1988 8
1320 1929 1407 1998 (lior.
1423 1931 1463 1989 26
1469 1931 1503 2004 s)
1513 1949 1521 2004 ;
1542 1945 1639 2002 quam

373 2029 525 2091 fabellam
555 2027 631 2088 iicet
660 2025 722 2087 ilde
752 2027 916 2102 indignam
946 2044 1010 2088 non
1040 2030 1111 2088 sine
1143 2043 1242 2089 causa
1265 2029 1437 2089 iudicarint
1462 2031 1522 2090 viri
1545 2031 1638 2106 docti,

373 2132 461 2206 patet
492 2132 602 2191 tamen
625 2144 665 2190 ue
688 2131 779 2190 nasci
801 2131 931 2202 quidem
953 2131 1097 2205 potuisse
1119 2130 1149 2189 si
1172 2127 1238 2189 tale
1261 2129 1337 2202 quid
1360 2130 1395 2188 in
1417 2129 1496 2190 iliud
1520 2145 1637 2190 aarum

372 2246 436 2293 non
470 2231 640 2293 cecidisset
658 2231 690 2300 ²).
725 2229 926 2291 Notabantur
960 2232 1072 2291 autem
1108 2233 1218 2305 utpote
1253 2229 1393 2290 indecori
1428 2247 1448 2290 a
1479 2231 1639 2291 Zenodoto

373 2348 488 2394 versus
508 2333 538 2390 Γ
556 2333 620 2392 423
643 2346 712 2403 sqq.
736 2333 764 2390 A
785 2331 828 2393 88
851 2347 898 2404 sp.
924 2333 958 2390 ii
977 2331 1019 2392 89
1039 2346 1099 2407 sq,
1122 2332 1162 2392 ab
1186 2331 1383 2407 Aristarcho,
1412 2331 1515 2392 multo
1534 2331 1639 2406 magis

371 2434 477 2495 sobrie
507 2433 696 2508 pierumque
722 2430 885 2506 iudicanti,
917 2431 949 2489 Ω
974 2432 1036 2492 130
1059 2433 1075 2503 ζ
1097 2433 1160 2492 244
1185 2447 1233 2504 sp.
1257 2453 1277 2508 η
1300 2433 1361 2491 311
1387 2447 1456 2505 sqq.
1478 2433 1499 2502 ¹)
1524 2434 1584 2493 etc.
1605 2433 1638 2502 ⁴).

416 2535 600 2610 Philosophi
619 2536 730 2595 autem
748 2534 878 2608 saepius
896 2533 1127 2608 impugnarunt
1148 2548 1230 2608 quae
1251 2533 1289 2594 de
1310 2533 1371 2594 diis
1390 2548 1506 2608 parum
1525 2533 1638 2594 decore

370 2653 528 2715 parumve
558 2637 743 2697 reverenter
772 2635 805 2696 iu
836 2634 1032 2695 carminibus
1060 2635 1159 2711 epicis
1182 2634 1269 2695 dicta
1291 2637 1411 2696 essent.
1435 2633 1538 2694 Notae
1561 2635 1639 2694 sunt

371 2739 590 2819 Xenophsuie,
613 2740 668 2815 qui
690 2737 868 2815 rhapsodus
892 2739 963 2800 erat
985 2737 1063 2816 ipse,
1089 2737 1256 2813 querelae:

549 2839 646 2904 πάντα
668 2845 753 2915 θεοῖς
775 2837 930 2920 ἀνέθηκαν
944 2837 1075 2921 Ὅμηρός
1097 2833 1129 2900 θ’
1149 2834 1288 2913 Ἡσίοδός
1310 2861 1339 2900 τε
1341 2884 1426 2916 .....

547 2942 679 3007 κλέπτειν
702 2943 849 3024 μοιχεύειν
871 2965 902 3004 τε
923 2940 974 3004 aei
995 2940 1139 3022 ἀλλήλους
1162 2940 1320 3004 ἀπονεύειν
1339 2935 1370 3014 ⁸).

369 3050 486 3111 Aenus
507 3049 608 3110 etiam
631 3049 664 3108 iu
686 3048 855 3124 poetarum
878 3048 917 3109 de
940 3046 1099 3122 Olympiis
1118 3046 1287 3107 mendacia
1306 3046 1454 3106 invectus
1473 3047 1525 3107 eet
1540 3047 1636 3108 Hera·

369 3151 476 3226 clitus,
496 3150 551 3223 qui
570 3165 633 3211 non
653 3151 782 3224 poetam
801 3148 859 3210 sed
877 3163 986 3209 rerum
1001 3147 1183 3208 divinarum
1196 3148 1437 3223 praeceptorem
1452 3149 1636 3224 vituperans

369 3249 420 3310 τὸν
436 3245 571 3330 ’Όμηρον
594 3247 723 3326 έφοισκεν
746 3244 830 3323 ἄξιον
852 3241 929 3308 εἶναι
951 3245 983 3308 έιι
1004 3255 1064 3308 τῶν
1087 3244 1212 3327 ἀγώνιον
1232 3245 1426 3327 ἐκβάλλεσθαι
1448 3247 1497 3308 aei
1521 3249 1636 3330 ῥαπίζε-

369 3356 443 3412 σθαι
459 3355 491 3422 ⁸).
522 3351 741 3426 Pythagoram
768 3350 985 3424 Hieronymus
1008 3350 1167 3412 referebat
1188 3347 1370 3410 κατελθόντα
1393 3349 1435 3422 εἰς
1449 3346 1557 3412 ’Ἅιδου
1580 3349 1635 3429 τὴν

368 3448 423 3531 μέν
439 3447 583 3513 Ἡσιόδου
605 3449 707 3530 mciv
730 3449 805 3511 [δεῖν
827 3449 902 3529 πρὸς
923 3449 1002 3510 aiom
1023 3453 1119 3534 χαλκῷ
1142 3445 1303 3529 δεδεμένην
1324 3447 1376 3510 sul
1394 3449 1561 3532 τρίζουσαν,
1580 3451 1635 3530 τὴν

369 3551 402 3614 di
418 3549 550 3634 Ὀμήρου
573 3548 761 3633 κρεμαμένην
777 3548 844 3622 ,ἀπὸ
866 3547 993 3632 δένδρον
1016 3548 1067 3611 sul
1090 3547 1173 3628 ὄφεις
1195 3547 1262 3630 περ)
1286 3548 1391 3628 udone,
1416 3546 1484 3611 ἀνθ’
1510 3543 1553 3612 ὧν
1573 3546 1635 3613 elne

403 3756 511 3819 ¹)1dsrn
528 3757 670 3805 remedium
688 3761 714 3803 ii
730 3757 778 3804 888
796 3770 811 3804 a
828 3756 981 3815 quibusdam
999 3757 1144 3805 adhibitum
1162 3757 1273 3804 vidimus
1289 3771 1348 3818 pag.
1366 3769 1439 3806 mu
1456 3761 1507 3804 not
1528 3759 1550 3804 1.

401 3832 501 3902 ¹)1pae
525 3833 678 3883 Plutarchus
703 3836 781 3883 rerba
804 3834 933 3882 Hesiodea
954 3836 1001 3895 Op.
1026 3835 1134 3884 ici-ise
1157 3838 1223 3883 teste
1245 3835 1337 3882 Proeio
1354 3837 1384 3890 ὥς
1400 3837 1477 3894 edesii
1494 3837 1532 3882 esi
1550 3833 1633 3888 ἀνάξια

367 3917 514 3976 aerdsmesiie
534 3919 623 3977 μούσης
645 3927 659 3962 s
681 3917 802 3962 conane
824 3914 957 3962 eximenda
981 3916 1089 3964 censuit.
1108 3915 1211 3964 Scilicet
1229 3917 1255 3963 ei
1272 3927 1317 3962 nos
1333 3914 1410 3962 bodie
1427 3914 1590 3961 subridemus
1606 3918 1632 3961 et

367 3995 428 4044 olim
446 3995 554 4055 Augusti
570 3993 692 4054 aequales
708 3993 826 4041 ridebant
843 3994 993 4054 magistrum
1011 4008 1111 4042 morum
1127 3995 1199 4054 gravi
1214 3993 1275 4041 r'oce
1292 4007 1419 4053 versuque
1435 4004 1527 4040 canoro
1544 3995 1632 4040 vetan-

367 4077 432 4122 teus:
459 4086 507 4132 „ns
533 4073 592 4134 quis
616 4073 643 4120 iu
659 4072 755 4120 iiumsu
776 4073 868 4120 lotium
889 4073 952 4120 laxit
977 4086 1041 4121 uere
1064 4070 1191 4133 screate'',
1209 4097 1240 4107 ·—
1258 4072 1304 4119 sed
1330 4073 1448 4132 spurium
1466 4085 1522 4120 esse
1539 4071 1633 4134 locum,

367 4151 523 4200 Hesiodeum
548 4164 599 4198 uon
624 4163 681 4199 asae
703 4152 879 4213 praesepium,
902 4153 1051 4213 neutiquam
1068 4152 1128 4200 iude
1149 4151 1267 4199 eideitur.
1285 4151 1312 4198 81
1330 4154 1421 4198 cuncta
1438 4164 1505 4210 quae
1521 4152 1633 4211 politiori

366 4245 429 4280 asro
454 4232 539 4280 ieiuna
564 4231 624 4279 viiia
648 4231 826 4292 superstltiosa
849 4231 959 4280 absurda
983 4231 1093 4291 denique
1120 4231 1273 4278 videbantur
1295 4243 1326 4278 οι
1350 4244 1428 4292 opere
1446 4231 1512 4278 vatis
1530 4231 1632 4278 Ascraei

367 4323 483 4360 resecare
499 4311 597 4370 liceret,
613 4310 738 4371 quentilla
755 4310 943 4372 relinqueretur
963 4311 1097 4372 particula.

400 4387 421 4454 Ι)
438 4391 535 4440 linares
551 4390 599 4438 bos
614 4403 704 4438 versus
719 4385 848 4456 (.psriect
863 4391 889 4438 in
907 4391 1058 4440 reduemeut
1075 4391 1125 4438 aad
1142 4390 1169 4437 in
1187 4389 1339 4438 uobieuess”
1354 4389 1423 4437 Jebb
1439 4390 1536 4438 Homer
1549 4404 1574 4451 p.
1591 4389 1633 4452 it)

366 4471 524 4532 vituperatos
540 4471 615 4518 maiis
631 4483 709 4531 quarn
727 4469 763 4518 its
781 4470 901 4519 deieueos
919 4475 949 4519 ut
965 4471 995 4520 dt
1011 4471 1038 4519 in
1055 4471 1135 4518 schol.
1154 4470 1186 4517 ad
1204 4472 1217 4526 t
1233 4471 1291 4519 iiiii.

399 4547 421 4616 ⁴)
438 4549 578 4600 videantur
603 4562 670 4611 quae
692 4547 725 4597 de
747 4551 921 4611 grammaticis
945 4551 985 4600 dui
1002 4551 1029 4600 ab
1046 4551 1149 4618 λοριολς
1165 4549 1270 4598 iinmerl
1286 4549 1357 4598 ioece
1376 4551 1471 4599 multos
1489 4549 1630 4598 damnanti·

366 4631 415 4681 bus
431 4633 562 4693 eleganter
578 4631 719 4695 disputavit
735 4631 817 4682 Oobet
833 4633 940 4683 Hisceil.
958 4632 1020 4682 osii.
1038 4646 1064 4694 p.
1082 4631 1200 4680 itt-iti.

399 4707 421 4776 ⁸)
437 4711 544 4772 Diogen
561 4711 646 4760 Lauri.
667 4712 739 4760 118.

397 4786 420 4852 ⁸)
436 4789 543 4850 Diogen.
561 4788 597 4836 ix
615 4790 638 4838 1.
