3936 5704
950 719 1013 764 bxv

347 887 427 950 oum
450 890 540 966 pacis
562 891 650 952 artes
672 890 745 951 tum
767 889 844 951 belli
866 905 962 952 nemo
993 890 1111 952 mellus
1135 890 1282 953 docuisse
1305 893 1496 955 credebatur
1515 897 1548 972 ¹),
1572 895 1613 956 ad

344 990 446 1051 bonos
475 1005 584 1050 mores
613 989 849 1051 confirmandos
879 1005 975 1052 nemo
999 991 1100 1052 fuisse
1123 991 1242 1052 utilior.
1266 994 1465 1070 Quapropter
1487 995 1515 1056 si
1539 995 1614 1068 quid

346 1089 378 1150 in
397 1090 595 1152 carminibus
614 1090 796 1152 Homericis
814 1091 872 1152 aut
890 1106 911 1152 a
926 1107 1002 1153 vero
1014 1092 1184 1154 abhorrere
1197 1093 1537 1156 videbaturautbonis
1549 1111 1613 1157 mo·

345 1191 434 1251 ribus
452 1192 631 1266 periculum
650 1191 777 1268 inferre,
798 1193 882 1252 mira
900 1191 1046 1270 artificia,
1065 1192 1215 1267 qualibus
1233 1195 1347 1270 postea
1359 1195 1615 1258 Christianorum

346 1291 485 1365 theologi
507 1307 603 1368 saepe
631 1294 682 1353 usi
712 1295 799 1368 sunt,
827 1293 1060 1354 adhibebantur
1081 1295 1120 1354 ut
1142 1309 1182 1355 ea
1204 1309 1287 1368 quae
1309 1296 1516 1370 displicerent
1539 1313 1612 1358 cum

345 1393 531 1454 recentioris
554 1395 626 1455 aovi
645 1393 847 1468 opinionibus
870 1393 1124 1455 conciliarentur.
1149 1395 1201 1456 Sic
1222 1395 1434 1472 Thucydides,
1455 1399 1484 1458 is
1502 1399 1614 1459 temen

345 1507 407 1552 non
430 1493 580 1554 credulus
601 1495 709 1570 homo,
734 1509 809 1553 cum
832 1494 931 1555 sciret
949 1494 1109 1571 Boeotios,
1133 1495 1188 1568 qui
1211 1495 1244 1556 in
1263 1495 1404 1556 Navium
1427 1497 1614 1558 recensione

345 1593 380 1662 (Β
403 1593 589 1664 494-510)
623 1594 773 1655 dicuutur
806 1609 880 1656 oum
917 1595 1033 1656 ceteris
1068 1595 1262 1657 Graecorum
1299 1596 1450 1670 gentibus
1483 1597 1614 1659 ‘Prolem

344 1708 556 1773 oppugnasse,
586 1695 660 1771 post
690 1711 840 1758 eversam
871 1696 1004 1759 demum
1026 1697 1156 1759 Troiam
1179 1698 1213 1758 in
1237 1697 1412 1776 regionem,
1436 1713 1519 1774 quae
1540 1697 1614 1760 dein

343 1796 383 1858 ab
406 1797 486 1872 ipsis
509 1798 641 1860 Boeotia
663 1799 750 1860 diota
773 1801 834 1876 est,
858 1799 988 1860 venisse
1007 1799 1093 1874 ferri,
1117 1799 1200 1861 hanc
1222 1815 1294 1861 rem
1313 1816 1377 1862 non
1397 1801 1444 1861 ita
1463 1800 1615 1877 expedire

344 1915 444 1959 ausus
478 1901 529 1962 est
562 1903 600 1960 ut
632 1902 691 1962 aut
720 1900 838 1962 falsam
869 1900 952 1963 banc
982 1902 1106 1962 famam
1137 1917 1210 1963 esse
1239 1902 1360 1964 diceret
1390 1905 1448 1964 aut
1470 1902 1615 1978 catalogi

344 2001 509 2061 auctorem
543 2015 607 2061 non
637 2017 679 2062 ex
710 2017 786 2062 vero
816 2002 961 2077 pinxisse
990 2002 1210 2064 condicionem
1243 2003 1396 2064 Graeciae
1426 2018 1509 2078 quoe
1539 2006 1615 2065 ante

343 2098 463 2160 bellum
488 2099 663 2161 Troianum
685 2101 834 2178 obtinuit,
861 2103 918 2163 sed
938 2102 1046 2163 fallaci
1066 2103 1347 2176 argumentatione
1365 2101 1397 2162 id
1410 2101 1537 2164 efficere
1549 2104 1614 2164 stu·

344 2200 413 2260 duit
435 2201 473 2259 ut
494 2201 527 2261 ln
550 2200 682 2262 Boeotia
705 2201 825 2262 fuerint
842 2202 965 2263 Boeotii
984 2201 1174 2276 priusquam
1192 2202 1268 2263 illuc
1288 2202 1471 2276 migrarunt
1481 2199 1515 2274 ²).
1540 2203 1615 2264 liru-

342 2299 486 2372 gslltatis
508 2301 688 2376 praeceptis
710 2316 793 2375 quae
815 2302 923 2377 pueris
946 2301 1137 2364 inculcanda
1158 2302 1236 2362 sunt
1259 2317 1300 2362 ne
1324 2317 1502 2376 repugnare
1531 2301 1615 2364 vide·

342 2402 430 2462 retur
453 2401 589 2462 Achillis
611 2399 689 2463 illud
710 2404 749 2464 ed
773 2403 958 2466 Patroclum
982 2404 1116 2465 verbum
1142 2400 1303 2483 ζωρότερον
1325 2398 1358 2462 di
1381 2399 1478 2481 κέραιε
1499 2405 1519 2462 Ι
1539 2404 1615 2480 203,

342 2501 429 2562 fuere
458 2503 512 2576 qui
543 2499 580 2562 οὗ
607 2501 640 2563 τὸ
663 2499 847 2583 ἄκρατον,
870 2501 910 2577 ὣς
933 2501 1117 2581 οἰνόφλυξιν,
1140 2499 1214 2563 ἀλλὰ
1234 2501 1268 2563 τὸ
1290 2507 1440 2562 θᾶττον
1462 2503 1614 2579 interpre-

338 2602 493 2680 tarentur,
517 2602 640 2664 laudati
663 2603 789 2666 scilicet
810 2619 885 2666 eam
908 2605 947 2667 cb
971 2619 1105 2667 oausam
1129 2603 1170 2664 ab
1193 2603 1369 2666 Aristotele
1393 2603 1481 2665 Poet.
1504 2602 1613 2665 XXVI

339 2701 358 2772 t
384 2703 434 2764 16.
458 2703 496 2763 Ιιι
519 2704 668 2765 versibus
691 2705 918 2779 pulcherrimis
943 2705 969 2766 Θ
992 2707 1056 2768 555
1083 2720 1132 2779 sq.

544 2801 585 2877 ὡς
608 2799 635 2864 δ’
662 2799 700 2866 δι’
725 2803 757 2866 ἒν
780 2804 900 2892 οὐρανῷ
923 2803 1015 2888 ἄστρα
1038 2804 1168 2885 φαεινὴν
1190 2802 1268 2886 ἀμφὶ
1291 2805 1418 2886 σελήνην

543 2901 656 2984 φαίνετ’
681 2905 854 2989 ἀριπρεπέα,
877 2908 923 2970 ὅτε
946 2903 966 2970 r'
993 2907 1093 2970 fulcro
1116 2907 1245 2988 νήνεμος
1268 2906 1361 2991 αἰθὴρ

339 3024 379 3069 ne
408 3006 505 3070 lunae
534 3009 658 3085 fulgore
688 3011 780 3087 ignes
813 3013 956 3074 minores
994 3011 1227 3089 premerentur,
1264 3011 1353 3074 luere
1392 3012 1447 3085 qui
1482 3012 1612 3074 interlu-

339 3109 429 3170 nium
460 3110 605 3174 iacerent
633 3113 815 3175 admirabili
848 3116 907 3176 hoc
929 3114 1064 3176 artificio
1087 3115 1126 3174 ut
1149 3113 1276 3175 litteras
1300 3114 1437 3176 traditas
1460 3115 1612 3191 interpre-

340 3214 486 3274 tarentur
515 3212 585 3291 φάει
614 3221 672 3294 νῆν
703 3215 779 3287 (loce
808 3221 943 3295 mecm),
967 3217 1142 3300 contractis
1166 3216 1339 3279 verborum
1362 3216 1477 3279 formis
1500 3217 1612 3280 lumen

345 3365 538 3376 ——-.

375 3433 393 3497 Ι)
409 3435 465 3484 vid.
483 3451 506 3484 e.
523 3451 548 3498 3.
566 3439 609 3486 Δι.
623 3437 686 3486 Item
706 3439 770 3487 1⁰³4
790 3453 861 3501 sqq.r

1122 3520 1178 3568 ddi
1195 3525 1260 3574 deice
1271 3517 1370 3585 Ὅμηρος

571 3597 619 3646 tut
637 3605 678 3647 sed
694 3597 762 3659 sepire
778 3600 816 3647 sul
834 3597 898 3655 atior
913 3599 962 3661 Ιχιι
980 3599 1040 3661 πλὴν
1056 3599 1125 3659 155δῖ
1144 3600 1181 3648 &e
1198 3597 1280 3664 pede!
1300 3595 1397 3655 Ridete,

571 3675 645 3734 τάξεις
661 3679 744 3742 dende
763 3679 864 3734 dullum
882 3678 987 3743 ἀνδρθη

335 3765 403 3813 quse
428 3754 507 3804 verbe
531 3759 635 3818 postem
660 3756 857 3819 Aristophanem
880 3760 972 3818 poetae
994 3758 1122 3816 Aeschylo
1146 3756 1179 3804 de
1203 3758 1281 3818 poete
1296 3757 1408 3804 Homero
1426 3755 1542 3815 loquenti
1560 3771 1611 3804 uon

334 3849 380 3896 per
406 3836 491 3882 locum
516 3833 562 3883 sed
594 3835 662 3882 serlo
687 3835 801 3883 tribuere
826 3835 950 3896 potuisse.
983 3837 1023 3882 eet
1047 3834 1117 3894 quod
1141 3833 1250 3881 mheris.
1275 3833 1374 3881 Similis
1396 3833 1519 3894 leguntur
1542 3833 1611 3894 apud

334 3912 450 3978 Xenoph.
469 3913 572 3962 Oohvlv.
591 3913 626 3960 IV
643 3913 657 3972 fl
676 3914 690 3961 8
708 3926 780 3974 sqq.:
799 3914 848 3960 less
865 3913 943 3972 δήπου
959 3913 994 3960 ὅτι
1010 3913 1109 3977 ’Όμηρος
1127 3914 1140 3959 d
1164 3915 1299 3974 σοφώτατος
1321 3915 1432 3970 mencines
1455 3911 1542 3971 σχοδόν
1559 3913 1610 3978 aspi

336 3995 429 4039 utinen
448 4000 493 4038 τῶν
509 3994 672 4056 drdpculrnr.
690 3991 754 4046 desse
773 3989 803 4039 ἂν
820 3987 861 4038 οὖν
877 3993 941 4049 ὑμῶν
958 3994 1068 4055 βούληται
1088 3989 1100 4051 ἢ
1118 3989 1263 4050 οἱκονομικός
1282 3988 1295 4050 d
1312 3989 1466 4054 δημηγορικός
1483 3989 1496 4051 ἢ
1513 4005 1611 4054 στρατη-

337 4072 399 4130 γικὸς
424 4071 575 4131 rosindus...
590 4072 630 4128 lei
655 4071 811 4134 deponendum·
839 4073 882 4130 lydo
908 4073 952 4135 γὰρ
978 4077 1052 4118 ταῦτα
1073 4073 1151 4118 πάντα
1174 4073 1308 4127 lateranus.
1332 4069 1375 4117 bic
1392 4069 1479 4116 locans
1496 4069 1611 4130 loquitur

336 4163 400 4212 puer
425 4151 567 4208 Niceratus,
593 4150 637 4210 qui
661 4151 801 4199 Homerum
825 4151 972 4200 memoriter
991 4151 1068 4198 tonet
1087 4150 1205 4197 Graviter
1223 4163 1284 4198 sero
1301 4149 1370 4196 benc
1389 4149 1535 4210 opinionem
1563 4148 1610 4196 im·

337 4234 434 4292 pugnet
458 4231 576 4279 Socrates
601 4229 670 4290 apud
688 4231 821 4279 Plutonem
845 4231 907 4292 Rep.
931 4229 953 4277 X
974 4243 999 4291 p.
1016 4227 1096 4278 5⁹86:
1120 4247 1189 4277 erm
1204 4231 1321 4288 ἀκούομεν
1338 4231 1374 4277 ὅτι
1392 4225 1455 4276 οὗτοι
1472 4227 1610 4290 (Homerus

337 4311 431 4370 quique
453 4323 512 4358 eum
531 4312 592 4357 sunt
609 4309 728 4372 insecuti)
747 4312 825 4366 ndens
840 4311 883 4370 pls
899 4309 984 4371 elpes
1001 4313 1144 4364 inlesum«,
1162 4312 1240 4357 uine
1257 4309 1283 4356 dl
1299 4310 1329 4356 sd
1352 4309 1489 4374 eropum
1505 4308 1535 4354 sd
1552 4308 1611 4373 πρὸς

337 4388 418 4454 ἀροτὴρ
427 4390 464 4436 nul
475 4392 565 4442 mles,
578 4389 616 4435 rel
638 4389 666 4434 sd
683 4407 709 4448 pe
725 4393 788 4450 dete,
805 4389 854 4436 sto.
866 4414 896 4423 -
906 4388 1028 4436 Vetusius
1043 4390 1128 4435 sutem
1143 4388 1221 4435 huius
1236 4386 1370 4434 doctrines
1387 4386 1451 4435 sciro
1468 4386 1610 4447 percipitur

337 4465 492 4515 laudun.
503 4463 604 4515 l‘rdiiob
620 4465 687 4516 libro
701 4465 744 4515 die
759 4466 967 4515 Militirmsdieiu
982 4465 1100 4513 Hemsr's
1117 4466 1191 4527 lale,
1213 4465 1258 4526 qui
1275 4465 1480 4513 demonstratum
1499 4465 1608 4513 iritrne-

339 4546 424 4594 dicum
441 4546 521 4594 inisse
537 4546 686 4605 uenerem,
703 4547 800 4608 quippe
817 4545 910 4594 artium
928 4545 1087 4606 chirurgicus
1105 4546 1182 4606 etque
1200 4544 1358 4593 eustomioee
1376 4544 1568 4606 peritissimum.

371 4624 392 4685 ⁸)
408 4627 465 4675 vid.
490 4627 571 4675 Theo.
596 4627 609 4674 1
634 4627 672 4675 iu.
695 4626 760 4674 hem
780 4627 877 4690 purim
900 4627 1001 4674 tautum
1026 4639 1114 4674 eorum
1135 4627 1197 4674 tuno
1214 4624 1340 4686 temporis
1356 4624 1410 4672 illic
1427 4623 1521 4672 vixisse
1539 4624 1609 4685 quod

338 4705 408 4765 dicit,
432 4707 458 4755 ld
481 4707 545 4756 nihil
567 4719 624 4755 esse
647 4707 774 4755 nemiuem
799 4707 889 4768 ingere
912 4709 1010 4767 potest;
1035 4721 1085 4754 nou
1104 4707 1171 4754 enim
1189 4719 1221 4754 ex
1238 4718 1291 4754 uno
1309 4705 1430 4768 paucisve
1446 4705 1510 4753 locis
1529 4705 1609 4753 sede

336 4789 428 4835 cuncte
449 4788 495 4835 llis
522 4788 635 4850 regione,
657 4788 732 4836 cuius
751 4788 838 4849 plures
856 4791 1040 4836 enumerentur
1064 4787 1181 4834 civitates
1203 4800 1282 4847 quum
1300 4789 1444 4835 ceterarum
1461 4785 1608 4844 cuiuslibet,

338 4869 510 4915 convenerunt
527 4868 616 4928 copiae
633 4880 699 4927 quse
717 4867 743 4915 iu
761 4867 885 4927 Getulogo
900 4867 917 4916 l.
935 4867 952 4915 l.
970 4868 1210 4915 commemorantur.

1503 4953 1529 4996 fl·
