3958 5696
270 717 289 787 5
312 717 388 788 326]
870 711 934 771 557

273 900 411 976 ¹,seriem
442 899 541 961 eflicit
571 915 681 962 rerum
710 913 793 972 quae
823 899 940 959 natura
971 898 1164 960 cohaerent”
1192 895 1320 968 (Glaelrs
1342 897 1375 956 in
1399 895 1544 970 libelingl

271 999 387 1060 Lexico
413 999 605 1068 Homerico).
634 998 717 1058 Hinc
750 997 790 1058 ed
817 1011 902 1059 nova
926 1013 1022 1072 saepe
1043 998 1122 1058 baec
1147 996 1304 1072 particula
1325 997 1419 1071 perat
1440 996 1543 1058 trans·

270 1103 364 1164 itum.

314 1205 352 1264 In
383 1204 467 1264 thesi
499 1217 627 1277 semper
658 1202 772 1276 corripi
803 1201 964 1276 syllabam
995 1202 1144 1278 priorem,
1176 1200 1312 1262 vitiosos
1342 1201 1440 1276 igitur
1470 1216 1543 1263 esse

269 1306 358 1368 locos
388 1305 494 1380 qualis
524 1306 576 1366 est
604 1308 632 1363 Δ
657 1305 720 1366 542
753 1300 847 1382 χειρὸς
878 1297 989 1381 ἕλοῦσ’,
1018 1301 1112 1383 αὐτὰρ
1138 1298 1247 1382 βελέων
1270 1298 1414 1381 ἀπερύκοι
1437 1299 1545 1381 ἐρωήν,

269 1409 379 1470 docuit
411 1408 446 1469 Ε.
482 1407 623 1468 Gerberd
657 1407 690 1468 iu
726 1406 929 1467 Lectionibus
960 1405 1106 1482 Apollon.
1139 1407 1224 1467 1816
1255 1421 1285 1482 p.
1320 1407 1401 1482 1123
1433 1405 1542 1480 ltaque

272 1513 299 1568 K
322 1511 364 1570 99
395 1506 603 1586 κοιμήσωνται,
633 1505 706 1584 αἰτὰρ
737 1509 788 1568 est
814 1508 1030 1585 scribendum,
1055 1522 1119 1569 non
1143 1499 1316 1584 κοιμήσαντ’
1341 1503 1446 1584 αὐτὰρ,
1468 1506 1545 1568 licet

269 1610 389 1684 gratior
415 1610 463 1670 sio
493 1608 534 1670 ad
564 1623 660 1670 aures
692 1607 802 1669 veniat
825 1623 949 1670 versus.
974 1609 1012 1668 In
1035 1607 1198 1669 codicibus
1220 1607 1345 1682 passim
1368 1605 1461 1686 αὐτὰρ
1484 1623 1542 1683 pro

269 1707 342 1789 ἀτὰρ
366 1710 523 1784 scriptum
547 1710 599 1770 est
621 1710 726 1770 metro
749 1708 860 1769 invito.

313 1883 334 1968 5
358 1886 462 1952 3261.
491 1887 537 1948 De
560 1885 837 1949 coniunctionibus
861 1901 944 1960 quae
967 1887 1106 1978 alteram
1129 1886 1328 1948 sententiam
1351 1886 1445 1948 alteri
1469 1887 1540 1948 sub·

267 1989 442 2052 ordinando
464 1987 655 2063 inserviunt,
679 1989 758 2049 baec
781 1988 859 2048 suut
880 1987 1098 2050 observanda:

315 2181 342 2240 1.
375 2175 556 2237 Particulae
590 2173 617 2234 εἰ
646 2175 808 2248 antiquior
838 2174 962 2250 passim
992 2177 1150 2250 reperitur
1180 2175 1285 2236 forma
1315 2174 1352 2235 ci
1377 2176 1539 2251 (proollsin

268 2295 331 2340 non
362 2277 535 2338 admittere
558 2275 718 2350 creditur),
742 2275 797 2336 ubi
820 2275 966 2350 sequitur
989 2296 1032 2354 κε,
1053 2275 1110 2355 γάρ
1133 2274 1186 2336 vel
1209 2279 1279 2337 de:
1303 2273 1340 2334 ei
1357 2295 1390 2335 κε
1411 2276 1440 2337 ει·
1461 2276 1540 2347 (att.

268 2371 341 2456 triv),
362 2377 396 2438 ei
416 2375 472 2456 γάρ
496 2377 548 2438 vol
571 2375 641 2436 αἴθε
664 2376 798 2438 utinum.
821 2376 857 2438 Et.
881 2392 912 2451 g.

402 2475 492 2558 ὄψεαι
514 2477 550 2538 αἴ
569 2472 593 2538 κ’
620 2474 773 2563 ἐθέλῃσθα
795 2475 846 2539 καὶ
869 2478 906 2539 αἴ
924 2475 976 2538 κέν
998 2501 1043 2538 τοι
1066 2475 1102 2538 τὰ
1125 2479 1249 2564 μεμήλῃ.
1350 2483 1379 2540 Δ
1400 2481 1475 2542 858.

822 2579 884 2659 ἅμα
906 2573 936 2642 d'
963 2577 1050 2652 ἄλλος
1072 2578 1144 2654 λαὸς
1166 2579 1285 2643 ἱκέσθω
1351 2587 1382 2642 Λ
1407 2583 1470 2644 796
1493 2597 1541 2655 sq·

404 2680 625 2763 Μυρμιδόνων,
647 2680 683 2741 αἴ
699 2678 751 2742 κέν
774 2705 801 2742 τι
823 2681 901 2760 φάος
925 2685 1071 2742 Δαναοῖσι
1093 2678 1207 2763 γένηαι.

401 2784 435 2845 αἳ
455 2781 511 2864 γὰρ
535 2782 600 2864 ἐμοὶ
623 2782 737 2846 τοιόσδε
760 2783 846 2858 ιιόσις
869 2781 1045 2862 κεκλημένος
1068 2783 1123 2863 εἴη.
1352 2786 1465 2858 ζ244.

400 2881 463 2948 αἴθ’
489 2883 592 2965 ὄφελες
615 2884 724 2967 ἄγονός
747 2881 767 2948 τ’
794 2884 895 2966 ἔμεναι
917 2883 1030 2967 ἄγαμός
1053 2881 1074 2946 τ’
1104 2883 1277 2948 ἀπολέσθαι.
1352 2889 1381 2946 Γ
1398 2887 1452 2948 40.

313 2991 396 3052 Alibi
421 2991 533 3052 tamen
555 2989 585 3050 ci
600 3011 643 3066 κε,
665 2987 692 3050 εἰ
712 2989 779 3070 γάρ,
801 2976 865 3051 εἷσε
888 2989 1005 3064 legitur
1024 2989 1058 3050 iu
1077 2991 1171 3052 textu
1192 2989 1328 3065 tradito;
1350 2989 1543 3065 quapropter

268 3093 394 3153 Bekker
424 3091 565 3152 formam
597 3091 633 3150 αἴ
658 3108 700 3153 ex
724 3091 866 3154 Homero
889 3108 949 3153 suo
972 3091 1106 3170 expulit,
1131 3092 1286 3153 audacius
1307 3093 1418 3153 tamen
1442 3105 1542 3164 quam

268 3193 473 3268 prudentius;
509 3207 586 3253 nam
616 3193 643 3253 si
674 3193 747 3266 quis
778 3195 818 3254 ad
850 3209 950 3255 unam
979 3209 1130 3255 normam
1161 3195 1295 3255 cunctos
1317 3193 1406 3254 locos
1434 3193 1542 3268 epicos

269 3294 423 3368 refingere
446 3294 544 3370 ausit,
568 3295 650 3354 ratio
670 3293 733 3354 lert
756 3295 793 3354 ut
816 3294 933 3368 ubique
956 3295 1077 3355 scribat
1100 3295 1315 3369 antiquiorem
1339 3295 1479 3354 formam
1501 3292 1543 3370 αἴ,

268 3411 350 3468 quae
380 3395 463 3468 apud
491 3394 662 3456 Dorienses
685 3397 719 3455 et
740 3394 916 3456 Acolenaes
939 3396 1128 3469 permansit.
1154 3396 1303 3456 Praestat
1325 3397 1438 3456 tamen
1461 3393 1541 3455 nibil

269 3495 427 3556 eiusmodi
450 3510 579 3556 novare.

313 3687 343 3746 2.
367 3673 430 3744 clu
453 3701 536 3762 cum,
550 3709 582 3733 =
595 3682 651 3762 ὅτε,
673 3686 757 3760 quod
782 3685 888 3748 multo
911 3685 963 3746 eet
987 3685 1198 3759 frequentius.
1222 3685 1260 3748 li.
1285 3701 1314 3762 g.

401 3777 455 3847 εὖτ’
481 3783 573 3866 ἀστὴρ
597 3783 736 3866 culpem
761 3783 989 3864 φαὲντατος....
1340 3809 1359 3846 ν
1381 3788 1424 3848 98
1448 3802 1517 3861 sqq.

401 3896 491 3966 τῆμος
515 3886 554 3966 dr)
576 3886 658 3972 νήσῳ
681 3888 896 3969 προσεπίλνατο
919 3886 1104 3967 ποντοπόρος
1126 3895 1211 3966 νηῦς.

312 3990 360 4051 Ex
380 3991 492 4051 eadem
513 3990 613 4065 stirpe
632 3990 804 4064 utramque
824 3989 979 4064 prodiisse
992 3990 1132 4050 termam
1155 3991 1255 4067 patet,
1280 3990 1408 4051 videtur
1429 3990 1541 4050 autem

268 4083 331 4152 εὖτε
362 4091 440 4153 olim
463 4089 546 4150 tiore
571 4092 682 4168 luisse,
707 4093 747 4153 ci.
772 4090 840 4151 fier
862 4107 919 4167 pro
943 4089 986 4150 ὅτι
1009 4091 1042 4152 in
1066 4091 1198 4153 Locrloa
1220 4090 1357 4152 dialecto
1380 4091 1398 4160 ¹)
1423 4093 1457 4151 ct
1478 4089 1542 4163 σώς

268 4211 324 4270 pro
354 4191 393 4267 ὡς
425 4199 506 4270 (pag.
542 4197 635 4270 272);
668 4195 722 4256 alii
747 4191 822 4272 ἔςοτε
846 4195 1016 4271 pristinam
1040 4194 1179 4256 formam
1204 4194 1363 4270 statuunt,
1387 4191 1540 4267 quoniam

267 4297 367 4373 stirps
387 4297 585 4374 pronominis
605 4295 733 4358 relativi
754 4297 816 4358 luit
830 4319 879 4375 Jo-
892 4297 942 4368 (oi.
956 4297 974 4368 5
990 4297 1049 4358 101
1064 4312 1135 4372 pag.
1150 4297 1235 4366 271).
1249 4297 1301 4359 Sic
1313 4297 1424 4358 tamen
1437 4309 1541 4370 neque

267 4401 500 4475 diphthongum
524 4397 558 4460 εὖ
581 4400 742 4474 quomodo
765 4401 925 4475 explicem
948 4400 1059 4477 habco,
1083 4400 1260 4462 contractio
1280 4400 1367 4460 enlm
1386 4413 1541 4461 sonorum

268 4509 379 4568 e÷o
410 4502 483 4574 post
513 4499 745 4561 semivocalem
777 4503 947 4562 extrusam
979 4501 1036 4562 vix
1067 4502 1162 4562 sonat
1193 4500 1412 4576 Homericum,
1437 4515 1541 4572 neque

267 4601 465 4677 prothetlcae
495 4598 617 4660 vocalis
647 4620 661 4659 ε
691 4600 780 4674 origo
812 4601 981 4676 perspicua
1011 4601 1071 4661 est.
1104 4599 1269 4663 Οοοεοσεο
1299 4601 1421 4662 ivero
1445 4615 1541 4675 saepo

301 4793 322 4861 Ι)
340 4798 393 4844 lloc
411 4799 563 4856 ergumonto
581 4797 617 4844 nti
636 4811 685 4845 non
708 4799 820 4860 emplius
844 4799 913 4856 licet,
931 4799 953 4846 si
974 4811 1062 4846 reruni
1081 4798 1148 4846 vidit
1164 4797 1344 4858 Wackernagel
1363 4797 1453 4846 liheln.
1472 4797 1538 4846 llus

267 4879 331 4928 leta
348 4892 374 4940 p.
392 4879 450 4936 sot,
468 4891 517 4926 non
534 4871 592 4926 fou
608 4877 654 4926 sed
671 4881 751 4926 ΕοΠ
765 4874 791 4943 (η
809 4873 855 4943 ὅτι)
873 4878 1011 4939 legendnm
1029 4893 1086 4928 esse
1104 4879 1129 4926 in
1148 4878 1316 4940 inscriptione
1335 4873 1411 4927 “W
1430 4877 1494 4925 coll.
