3842 5690
957 721 999 784 98
1528 724 1557 794 [5
1581 723 1623 783 24

357 913 479 978 simum
513 908 699 985 exemplum
735 910 768 970 in
803 913 821 981 s
853 911 894 971 22
926 911 1085 972 vidimus:
1110 907 1142 980 ὅς
1166 903 1284 968 <Ρ>
1308 906 1371 984 ἄξει
1392 909 1425 970 n
1453 911 1525 972 154.
1550 908 1623 970 Alia

356 1018 435 1078 sunt
464 1010 501 1075 οὔ
531 1034 558 1073 τι
588 1010 666 1090 adid
689 1009 746 1090 δήν
768 1012 831 1087 leg.
856 1011 936 1090 dfrjv
959 1015 989 1078 Α
1011 1013 1075 1072 416
1101 1013 1173 1087 etc,
1200 1008 1353 1091 ueymtpc
1375 1011 1414 1090 ἦν
1436 1013 1497 1087 leg.
1522 1010 1623 1088 (ostris

358 1119 387 1178 E
409 1119 472 1178 avi
498 1118 570 1192 eta,
592 1109 712 1197 ὄρνιθῖς
735 1111 775 1186 ὥς
798 1115 860 1189 leg.
884 1111 997 1186 frigii)
1020 1115 1050 1172 Γ
1070 1114 1089 1173 2
1113 1115 1174 1174 etc.
1199 1113 1249 1184 (ci.
1274 1114 1292 1183 5
1317 1115 1401 1184 101).

614 1375 710 1431 VIII.
742 1376 792 1431 De
814 1373 960 1444 syllabis
981 1374 1153 1444 positione
1172 1374 1363 1444 productis.

399 1582 496 1668 524.
530 1582 670 1661 Syllaba,
701 1583 794 1646 cuius
823 1582 931 1644 brevis
962 1585 1013 1643 est
1037 1581 1167 1659 soumis,
1191 1581 1349 1658 positione
1371 1597 1432 1642 sua
1454 1581 1549 1655 longe
1572 1580 1619 1658 iit,

354 1690 383 1751 el
405 1690 488 1749 hanc
511 1685 656 1748 vocalem
674 1685 757 1747 duae
775 1687 883 1747 tresve
906 1687 1121 1746 consonantes
1143 1685 1331 1758 sequuntur.
1355 1683 1496 1745 Litterae
1519 1684 1535 1756 ζ
1557 1683 1571 1756 ξ
1594 1697 1620 1760 ψ

352 1791 505 1865 quoniam
527 1788 604 1848 sunt
627 1787 779 1862 duplices,
803 1787 854 1847 bis
878 1801 1004 1860 quoque
1035 1787 1196 1860 syllabam
1220 1787 1465 1861 praecedentem
1488 1785 1618 1859 produci

351 1906 408 1965 per
430 1904 465 1949 se
488 1888 687 1961 intellegitur
710 1890 742 1957 ¹).
766 1885 801 1948 Ε.
826 1901 875 1960 g.:

441 1985 565 2052 Ξάνθον
587 1984 749 2062 divalium,
770 1981 805 2044 ὃν
829 1983 980 2056 &diemde
995 1979 1103 2044 ’τέκετδ
1132 1986 1216 2056 Ζεύς.
1262 1983 1383 2049 Ξ434.

396 2087 441 2148 Ut
474 2088 567 2146 docet
599 2086 659 2145 lroc
689 2085 886 2159 exemplum,
917 2085 1021 2144 tribus
1045 2085 1150 2144 modis
1172 2085 1363 2144 distributae
1386 2099 1458 2145 asse
1483 2085 1620 2159 possunt

352 2190 567 2249 consonantes
589 2200 672 2258 quae
695 2185 855 2259 syllabam
879 2185 1123 2259 praecedentem
1147 2185 1342 2259 producunt:

399 2292 428 2357 1)
452 2287 501 2346 Ad
534 2286 619 2346 idem
652 2285 843 2347 vocabulum
874 2285 1037 2360 pertinent
1060 2286 1273 2345 consonantes
1296 2284 1411 2344 ambae
1435 2287 1532 2357 atque
1556 2286 1618 2358 syl-

451 2386 526 2446 laba
547 2400 629 2459 uuae
653 2385 810 2460 positione
833 2385 1034 2460 producitur:
1059 2384 1219 2463 δινήῖντος.

398 2490 429 2558 2)
453 2487 584 2562 Syllaba
614 2485 722 2546 finalis
752 2487 821 2547 exit
850 2488 882 2546 ln
910 2487 1042 2546 brevem
1077 2485 1222 2547 vocalem
1256 2501 1331 2546 cum
1368 2500 1434 2545 una
1467 2499 1617 2559 consona,

453 2603 592 2662 aequem
634 2589 745 2648 autem
784 2586 977 2647 vocabulum
1017 2601 1037 2647 a
1077 2589 1273 2648 consonante
1303 2584 1431 2662 incipit:
1466 2582 1618 2656 ἀθάνατῡς

449 2684 564 2750 'tinen

399 2797 430 2866 3)
453 2792 654 2855 Vocabulum
685 2790 844 2852 clauditur
876 2791 977 2852 vocali
1009 2791 1108 2869 brevi,
1139 2792 1331 2866 sequentem
1361 2793 1472 2853 autem
1504 2805 1617 2852 vocem

451 2897 599 2974 aperiunt
621 2896 703 2956 duae
726 2895 789 2967 (val
813 2896 890 2966 tres)
915 2911 1091 2958 consonae:
1112 2889 1221 2956 ’rinno
1245 2897 1329 2969 Ζεύς.

396 3001 542 3062 Primum
578 2998 676 3073 igitur
709 2999 825 3059 harum
859 2999 1104 3074 productionum
1138 3015 1241 3074 genus
1274 3001 1345 3075 ipsa
1379 2999 1489 3073 lingua
1519 2996 1618 3058 eillcit

352 3104 385 3164 et
417 3101 550 3163 firmum
583 3101 644 3161 boc
677 3101 729 3161 ast
761 3100 793 3160 ln
829 3099 966 3174 singulis
996 3101 1177 3177 vocabulis:
1210 3102 1388 3163 secundum
1419 3101 1617 3173 tertiumque

351 3204 529 3265 nascuntur
552 3200 629 3262 dum
653 3201 810 3263 vocabula
831 3201 916 3262 iuter
939 3201 1133 3276 loquendum
1161 3205 1407 3278 coniunguntur.

396 3416 555 3492 Singulari
590 3415 756 3490 diligentia
789 3416 831 3478 Is.
849 3416 990 3493 Hiiberg,
1025 3419 1084 3480 das
1118 3419 1244 3495 Princlp
1279 3419 1335 3480 der
1370 3417 1617 3492 Sllbenwr'igung

352 3521 417 3582 und
447 3521 497 3580 die
528 3519 645 3580 daraus
675 3518 944 3593 antapringenden
968 3519 1103 3582 (iasetza
1134 3521 1189 3582 der
1212 3521 1384 3582 Endsiibeu
1407 3521 1439 3579 ln
1463 3521 1519 3580 der
1538 3519 1615 3594 grie·

351 3621 503 3682 chischen
526 3620 638 3681 Poesie
660 3621 780 3695 (1879),
803 3621 1055 3682 demonstravit:
1079 3622 1222 3696 syllabas
1244 3623 1359 3684 iinalea
1380 3622 1413 3681 in
1436 3623 1501 3682 arsi
1520 3621 1616 3695 potis·

351 3721 474 3781 simum
503 3721 661 3796 positione
691 3720 831 3796 produci,
856 3721 1002 3781 vocalem
1025 3723 1137 3782 autem
1159 3722 1302 3799 brevem,
1326 3724 1359 3783 in
1382 3721 1445 3784 iine
1468 3721 1616 3782 vocabuli

351 3820 553 3897 collocatam,
587 3834 650 3879 non
682 3819 745 3878 nisi
775 3821 870 3894 primi
901 3821 1075 3882 secundive
1106 3822 1197 3895 pedis
1226 3822 1333 3883 thesin
1361 3821 1487 3883 allicere
1508 3837 1614 3897 posse,

351 3921 424 3982 inde
458 3935 478 3981 a
511 3920 623 3981 Nonno
654 3934 729 3980 vero
759 3935 800 3980 ne
831 3920 863 3980 ln
895 3921 1009 3981 horum
1040 3921 1170 3995 quidam
1202 3923 1318 3996 pedum
1348 3922 1433 3982 tbesi
1456 3923 1615 3997 positione

350 4021 491 4097 produci.
952 4063 954 4068 -

396 4123 498 4196 Leges
530 4120 616 4198 XIV,
650 4138 732 4195 quas
761 4122 946 4197 Hilbergius
977 4124 1154 4200 constituit,
1187 4123 1358 4185 videantur
1388 4125 1472 4199 apud
1496 4123 1613 4197 ipsum.

352 4224 440 4300 Quod
470 4225 580 4284 autem
614 4224 655 4284 ad
684 4224 863 4286 Homerum
895 4224 1027 4302 adtinet,
1059 4224 1209 4300 pleraque
1237 4226 1422 4287 huiusmodi
1445 4227 1615 4300 praecepta

350 4327 420 4386 siue
454 4324 572 4386 damno
602 4329 738 4400 possunt
767 4325 896 4402 negligi,
928 4328 962 4386 et
987 4341 1040 4387 res
1071 4342 1108 4387 eo
1140 4327 1206 4388 iere
1233 4329 1373 4389 reditui
1399 4327 1614 4389 vetustissimi

351 4429 444 4489 vates
474 4427 618 4502 syllabas
641 4429 756 4491 breves
782 4430 815 4490 in
846 4427 909 4490 line
934 4429 1162 4491 vocabulorum
1185 4430 1297 4492 obvias
1319 4430 1527 4506 produxerint
1549 4444 1612 4490 om·

350 4531 444 4592 nibus
463 4532 645 4594 hexametri
664 4532 794 4594 sedibus
814 4533 867 4593 ubi
884 4531 953 4593 lieri
969 4532 1000 4593 id
1013 4534 1148 4608 poterat.
1167 4533 1289 4610 Nempe
1301 4535 1380 4595 icrlli
1390 4533 1516 4611 ulandei
1526 4532 1613 4594 tinais

350 4635 509 4709 syllabam
530 4635 671 4713 finalem,
691 4651 774 4712 quae
793 4636 888 4711 longa
906 4638 965 4697 aut
986 4637 1143 4711 positione
1163 4640 1316 4714 producta
1335 4639 1395 4715 est,
1408 4638 1613 4699 omninonon

384 4889 404 4954 ¹)
421 4892 460 4939 De
478 4892 564 4940 littera
580 4895 593 4948 t
609 4894 694 4940 umen
713 4893 829 4940 videatur
846 4893 861 4953 5
883 4895 922 4942 It.
