3958 5696
256 697 276 774 ξ
301 701 377 771 316]
858 699 921 760 537

255 905 280 943 ει
311 882 400 946 verbi
431 837 626 965 ὑαειοῖβαλοι
663 889 697 945 Ψ
717 887 780 948 687
802 881 822 956 1)
854 886 888 946 et
913 886 1055 948 nominis
1084 885 1202 963 proprii
1227 880 1384 970 ‘Ymtpcvoe
1408 891 1437 948 Ε
1462 891 1524 952 144

255 983 286 1054 (i.
310 999 339 1045 a.
360 978 521 1064 ’Ίιιήνορα
542 986 626 1059 quod
651 1001 763 1046 vemm
789 985 935 1056 videtur).

296 1181 409 1268 irtio.
431 1189 623 1251 indicandae
642 1191 694 1250 hic
713 1191 790 1250 sunt
810 1189 1065 1251 constructiones
1083 1189 1253 1268 quaedam,
1271 1190 1401 1252 dictioni
1415 1190 1524 1268 opicce

253 1290 407 1368 propriae,
431 1305 513 1364 quae
537 1307 557 1352 e
579 1291 767 1352 recentioris
790 1292 862 1352 aevi
886 1307 948 1352 usu
971 1289 1172 1366 discrepant:

298 1497 325 1556 1.
350 1492 430 1572 ἀμφί
451 1496 501 1568 (ab
524 1497 636 1558 eadem
658 1497 764 1558 radice
787 1492 980 1574 οοάοάμφο-
996 1497 1029 1557 et
1048 1495 1150 1567 omdoi
1163 1495 1305 1574 οίνοοιιο,
1325 1497 1418 1558 circu.
1441 1496 1521 1559 dum
1620 1581 1629 1598 ἢ

249 1597 389 1659 iudicum
412 1597 574 1676 adsciscit,
598 1601 655 1660 sut
677 1600 778 1660 locum
801 1597 931 1674 indicat,
956 1614 983 1660 e.
1006 1614 1037 1672 g.

515 1694 586 1778 ἄμφ’
613 1699 737 1778 ὤμοισιν
759 1698 877 1761 ἐδύσετο
900 1699 1001 1778 τεύχεα
1023 1696 1109 1776 καλοὶ,
1395 1701 1425 1757 Γ
1445 1699 1520 1760 328.

249 1803 306 1863 aut
329 1818 469 1878 caucam,
493 1817 520 1864 e.
544 1817 575 1877 g.

514 1899 642 1989 μακρῇο’
668 1900 792 1989 incipet
816 1895 983 1983 μαχὲσοοντ’
1007 1898 1084 1979 ἀμφὶ
1107 1899 1237 1983 γυναικί.
1394 1904 1424 1961 Γ
1444 1903 1518 1964 254.

293 2007 472 2070 Λοοοοοίίοο
494 2008 640 2070 iunctum
664 2023 793 2083 semper
816 2006 922 2070 locum
946 2006 1049 2078 (circu)
1073 2003 1244 2082 significat,
1267 2020 1296 2067 e.
1321 2021 1352 2081 g.
1484 2059 1487 2064 .

512 2107 590 2187 ἀμφὶ
613 2107 646 2170 δέ
668 2132 720 2188 μιν
743 2113 869 2188 Κρητῶν
892 2105 959 2188 ἀγοί
982 2103 1183 2188 ἠγερέθονται.
1392 2110 1421 2166 Γ
1442 2110 1516 2169 231.

292 2210 466 2271 Grndiorm
500 2212 580 2273 haec
613 2212 805 2288 praepositio
840 2211 873 2272 in
903 2210 1014 2285 lingua
1046 2210 1220 2271 Homerico
1247 2225 1312 2270 non
1344 2210 1516 2284 adsciscit;

245 2312 413 2373 recentiori
436 2313 592 2374 debentur
615 2313 716 2373 aetati
740 2315 774 2370 Π
793 2314 858 2373 826
881 2310 1006 2382 ιιίοαιιος
1030 2304 1102 2386 ἀμφ’
1125 2305 1226 2389 ὀλίγης
1248 2312 1282 2370 et
1304 2313 1329 2368 6
1353 2310 1416 2371 267
1442 2303 1514 2387 ἀμφ’

237 2406 339 2489 Ἄρεος
370 2411 536 2491 φιλότητος,
564 2412 619 2474 nbi
649 2412 752 2471 πίδακι
815 2406 899 2496 ὀλίγῃ
929 2413 964 2473 et
986 2409 1127 2487 φιλότητα
1150 2410 1277 2471 videtur
1300 2409 1401 2470 misse
1425 2409 1514 2470 olim.

243 2513 372 2574 Tertius
402 2513 525 2574 accedit
555 2514 646 2575 locus
672 2529 714 2574 ex
736 2513 861 2574 Bentlei
885 2512 1069 2573 certissima
1095 2511 1321 2572 emendatione
1346 2510 1458 2571 8884
1483 2500 1516 2570 εὖ

244 2611 277 2673 δέ
306 2636 349 2686 τις
379 2613 508 2694 ἅρματος
539 2611 616 2692 ἀμφὶ
641 2613 738 2674 ἱιδώο
769 2620 876 2684 (mser.
909 2609 1002 2692 ἀμφίς
1033 2609 1116 2682 ἰδών)
1123 2630 1131 2688 ;
1160 2611 1212 2673 hic
1235 2625 1362 2686 quoquo
1386 2612 1517 2673 dativus

243 2713 350 2793 ἅρματι
374 2716 500 2777 videtur
521 2731 592 2776 esse
613 2716 821 2777 revocandus.
842 2715 907 2776 Nec
927 2728 989 2775 non
1008 2713 1095 2774 idem
1114 2713 1203 2773 vaiet
1222 2712 1261 2773 de
1281 2714 1459 2788 composito
1473 2747 1514 2757 -

243 2817 271 2877 si
303 2819 398 2878 modo
429 2818 616 2893 composito,
648 2833 724 2878 nem
755 2817 929 2891 quominus
960 2814 1230 2892 praepositionem
1260 2814 1401 2876 averbo
1426 2829 1514 2891 sepa·

243 2934 354 2980 remus
387 2919 467 2980 nihil
497 2919 606 2981 obstat
629 2955 669 2963 —
694 2915 918 2997 ἀμφιμάχεσθαι
947 2917 1129 2993 genitivum
1167 2915 1359 2978 adsciscenti
1393 2919 1419 2978 Ο
1450 2918 1512 2980 881

245 3023 278 3080 rr
299 3022 374 3098 coo,
401 3023 464 3083 533
488 3025 518 3080 a·
540 3024 592 3083 ao.

286 3123 335 3184 Ab
366 3123 517 3186 adverbio
547 3121 628 3202 ἀμφί
649 3125 781 3200 utroque
803 3125 873 3187 sive
896 3125 979 3186 circa
1002 3123 1151 3184 accurate
1175 3121 1438 3197 distinguendum
1463 3125 1515 3184 est

241 3225 430 3287 adverbium
453 3223 547 3304 ἀμφίς
569 3228 748 3306 separatim,
771 3244 921 3303 scorsum,
945 3243 973 3288 e.
997 3241 1027 3300 g.

508 3325 545 3388 οὗ
567 3323 624 3407 γὰρ
647 3321 680 3388 ἔτ’
707 3324 800 3405 ἀμφίς
818 3321 964 3405 Ὀλύμπια
987 3317 1092 3403 δώματ’
1120 3321 1232 3401 ἔχοντες
1412 3328 1437 3385 Β
1462 3328 1512 3387 18.

509 3423 657 3488 ἀθάνατοι
679 3428 850 3507 φράζονται.

287 3529 456 3590 Genitivus
479 3530 531 3589 est
552 3529 680 3590 additus
707 3530 732 3589 Θ
756 3530 820 3590 444
849 3533 883 3590 Ψ
903 3533 967 3593 893
992 3533 1007 3606 ξ
1030 3536 1095 3597 862
1116 3556 1139 3595 οι
1160 3538 1234 3599 267.
1269 3536 1369 3598 Recta
1393 3537 1513 3599 talibus

242 3629 321 3692 locis
345 3628 421 3710 δίχα,
443 3629 531 3708 χωρίς
554 3630 683 3706 appingi
706 3630 790 3692 solet
813 3631 846 3691 in
870 3633 1010 3696 scholiis.

284 3732 368 3794 Hinc
391 3732 430 3794 de
453 3732 494 3794 iis
517 3747 599 3806 qnae
623 3732 707 3794 inter
730 3733 811 3795 duas
834 3750 887 3796 res
910 3735 1100 3801 hominesve
1122 3739 1301 3817 interposita
1325 3741 1403 3802 sunt
1424 3755 1514 3801 usur·

239 3837 335 3911 patur
369 3837 398 3894 Γ
431 3837 492 3896 116
527 3837 562 3892 Η
594 3837 667 3896 842.
704 3835 851 3910 Suspecti
887 3853 963 3900 vero
997 3842 1076 3902 sunt
1110 3856 1225 3904 versus
1259 3845 1278 3902 i
1307 3845 1371 3904 464
1397 3847 1422 3901 6
1446 3843 1512 3903 840

240 3937 272 3996 Ω
302 3937 366 3997 488
390 3959 408 4017 y
431 3938 497 3997 486
521 3931 630 4000 8274
655 3942 698 4006 (=
725 3938 750 3996 Ο
774 3938 859 4014 226),
884 3939 937 3999 ubi
963 3941 1048 4003 idem
1072 3945 1157 4018 quod
1184 3940 1265 4022 ἀμφί
1286 3945 1394 4006 valere
1418 3959 1511 4004 vocu-

240 4039 306 4099 lam
341 4035 434 4115 ἀμφίς
465 4037 703 4099 concedendurn
735 4041 795 4114 est,
820 4041 848 4100 si
871 4044 1031 4105 servanda
1055 4048 1107 4106 est
1128 4045 1224 4107 lectio
1247 4047 1375 4107 tradita.
1402 4047 1510 4107 Etiam

239 4145 268 4200 Λ
292 4143 355 4201 diiii
380 4134 552 4217 μοοίιμφίς
576 4136 844 4219 superagendum
869 4143 996 4206 videtur
1019 4142 1216 4232 dpprfrfdyp
1244 4147 1293 4219 (ci.
1318 4148 1339 4223 ξ
1364 4142 1473 4219 168”).

282 4245 321 4304 In
352 4241 416 4305 iine
439 4259 595 4304 versuum
619 4245 659 4314 (8
687 4245 749 4305 728
776 4246 805 4302 Φ
828 4247 892 4306 442
916 4246 933 4317 ξ
957 4249 1021 4309 266
1044 4272 1063 4328 η
1088 4250 1108 4310 4
1133 4273 1143 4309 ι
1167 4251 1242 4321 899)
1266 4264 1329 4311 non
1353 4251 1510 4325 mocripta

238 4362 309 4408 esse
344 4346 571 4422 interroganda
604 4345 661 4407 sed
693 4347 895 4424 contextum,
927 4350 1038 4411 utrum
1069 4347 1149 4428 ἀμφί
1177 4368 1218 4412 an
1250 4347 1343 4430 ἀμφίς
1366 4353 1411 4414 sit
1434 4353 1508 4415 scri·

238 4450 389 4526 bendum,
420 4449 527 4523 quivis
557 4449 669 4524 opinor
697 4448 873 4525 inteliegit;
897 4465 954 4525 pro
977 4447 1071 4529 ἀμφίς
1095 4449 1219 4514 ἕκαστον
1242 4455 1353 4516 autem
1377 4459 1408 4513 A
1431 4457 1507 4528 684,

239 4551 303 4612 748
326 4551 499 4625 legendum
518 4565 591 4611 esse
611 4545 688 4628 ἀμφί
710 4546 858 4610 ῐίιασιον
876 4567 952 4614 cum
970 4554 1112 4615 metrum
1133 4554 1225 4616 docet
1242 4557 1313 4616 tum
1335 4557 1507 4618 sententia.

270 4781 288 4842 ¹)
310 4783 417 4832 Unicum
440 4785 509 4832 huno
532 4783 617 4832 iocum
641 4785 691 4830 aiis
714 4785 812 4833 ratione
834 4799 892 4833 esso
914 4787 1094 4848 explicandum
1118 4802 1195 4849 quom
1219 4792 1326 4853 ceteros,
1347 4805 1380 4840 οι
1398 4793 1508 4855 pristino

235 4863 303 4912 onim
325 4865 407 4912 iormc
425 4865 490 4929 ὑαιρι
508 4865 594 4911 nutum
615 4877 672 4910 osse
690 4864 825 4912 iambicum
843 4867 919 4931 ῦπαρ,
937 4881 986 4915 non
1004 4868 1079 4929 potui
1097 4868 1160 4916 mihi
1178 4869 1341 4930 persuadere.
