3934 5706
308 820 326 888 fl
351 819 406 890 40]
919 822 981 882 143

309 1004 349 1065 ad
384 1020 444 1065 nos
477 1006 633 1082 pervenit
663 1005 876 1066 immodulaba
906 1005 981 1066 inde
1012 1005 1051 1066 ab
1082 1004 1174 1065 initio
1204 1003 1305 1065 inisse
1336 1003 1403 1080 pite
1433 999 1519 1083 ἑκυρὲ
1551 1007 1584 1067 st

309 1101 343 1165 δέ
373 1105 406 1165 oi
434 1108 467 1167 et
497 1127 525 1166 τε
557 1099 590 1190 ᾧ,
620 1107 877 1182 quandoquidem
909 1107 1063 1182 carmina,
1095 1122 1178 1180 quae
1208 1105 1318 1166 Iliadis
1342 1105 1394 1166 vel
1419 1105 1583 1180 Odysseae

310 1208 440 1268 nomine
471 1209 663 1282 grandisono
686 1208 848 1282 designari
871 1209 1007 1284 soleant,
1032 1223 1072 1269 ex
1096 1207 1253 1268 membris
1281 1207 1472 1280 ossibusque
1496 1223 1581 1268 vero·

310 1325 382 1369 rum
418 1313 604 1384 poematum
640 1311 760 1371 luerint
793 1311 1016 1371 consarcinata
1049 1311 1089 1370 ab
1121 1308 1305 1370 hominibus
1335 1307 1389 1382 qui
1421 1308 1583 1369 nescirent

310 1411 384 1484 quid
416 1413 504 1472 esset
534 1413 644 1472 hiatus
674 1413 791 1486 quidve
821 1413 994 1473 interesset
1016 1412 1101 1473 inter
1122 1411 1283 1485 syllabam
1307 1411 1437 1484 longam
1461 1411 1494 1470 et
1517 1410 1582 1470 bre·

309 1527 394 1572 vern.
428 1513 481 1572 Ita
514 1513 613 1586 igitur
642 1513 671 1574 si
705 1513 778 1588 quis
812 1514 970 1590 opinatur,
1004 1513 1147 1587 proferat
1179 1527 1274 1573 suam
1306 1511 1514 1588 senteutiam,
1545 1511 1583 1570 ut

309 1613 436 1688 explodi
467 1615 587 1690 possit;
618 1617 675 1676 sed
706 1615 858 1690 quoniam
882 1630 979 1675 nemo
1001 1615 1159 1676 hactenus
1182 1613 1247 1675 tale
1271 1612 1424 1674 iudicium
1450 1611 1489 1674 de
1512 1610 1582 1673 rell·

308 1717 393 1790 uuila
426 1731 560 1791 poeseos
595 1719 703 1792 spicae
739 1719 843 1778 musis
875 1717 987 1779 invitis
1018 1717 1104 1794 tulit,
1135 1717 1257 1777 diutius
1288 1716 1321 1776 ln
1353 1714 1488 1778 ridicula
1518 1715 1584 1775 ista

308 1816 480 1890 hypothesi
513 1822 708 1880 commorari
743 1836 801 1881 nos
836 1836 898 1881 nou
931 1821 1065 1895 oportet.
1098 1819 1215 1878 Restat
1243 1818 1342 1891 igliur
1372 1820 1410 1878 ut
1440 1816 1497 1892 illi,
1528 1817 1584 1890 qui

309 1917 507 1977 arbitrantur
535 1920 568 1978 ln
600 1920 787 1981 hodiernam
819 1920 1002 1980 carminum
1034 1919 1279 1978 Homericorum
1310 1919 1449 1978 formam
1474 1933 1582 1978 conso·

309 2031 385 2076 nam
417 2018 582 2091 digamma
607 2017 628 2091 ¹)
659 2037 722 2082 non
754 2022 921 2096 quadrare,
953 2020 1102 2080 addicant
1126 2033 1161 2078 se
1184 2018 1330 2092 partibus
1355 2017 1465 2093 Fickil,
1489 2017 1583 2079 cuius

308 2120 505 2180 sententiam
537 2137 634 2197 supra
665 2123 888 2184 indicavimus.
922 2122 1010 2196 Quae
1033 2121 1146 2181 tamen
1170 2119 1229 2180 hoc
1253 2120 1444 2195 praesertim
1469 2120 1583 2194 premi-

309 2223 362 2280 tur
395 2222 599 2285 incommodo
629 2226 714 2299 quod
747 2225 835 2285 nulla
867 2225 918 2285 est
948 2224 1035 2284 iusta
1065 2239 1165 2284 causa
1194 2237 1252 2284 cur
1282 2221 1516 2283 contendamus
1544 2222 1585 2282 ab

308 2323 416 2384 Ionica
448 2325 584 2386 dialecto
615 2326 757 2387 alienum
789 2327 890 2388 luisse
922 2327 1087 2400 digamma
1117 2340 1180 2400 quo
1212 2327 1357 2401 ternpore
1388 2325 1484 2384 natae
1508 2325 1586 2384 sunt

308 2425 385 2485 Illas
421 2426 454 2485 et
487 2425 633 2500 Odyssea
655 2423 687 2498 ²).
718 2428 802 2488 Nam
835 2427 975 2488 multum
1008 2428 1101 2487 abest
1131 2429 1169 2486 ut
1199 2427 1279 2487 haec
1310 2425 1438 2501 spirans
1470 2426 1583 2486 autin

309 2525 545 2586 vetustissimis
575 2528 690 2588 horum
722 2527 904 2588 carminum
936 2528 1083 2600 partibus
1114 2527 1263 2600 religiose
1293 2527 1339 2586 sit
1369 2527 1500 2586 servata
1526 2527 1586 2585 aut

307 2627 342 2685 in
376 2627 608 2688 recentioribus
642 2629 766 2703 passim
802 2628 965 2702 neglecta,
1001 2627 1131 2688 Florius
1166 2629 1287 2702 autern,
1323 2626 1377 2699 qui
1409 2625 1504 2686 modo
1536 2625 1584 2686 sic

309 2727 445 2789 iudicat:
474 2743 533 2804 ,eu
556 2728 722 2804 digamma
744 2729 940 2805 neglectum,
964 2729 1110 2789 deleatur
1133 2728 1232 2802 igitur
1255 2743 1370 2788 versus
1392 2725 1523 2801 spurius
1542 2726 1583 2787 ab

310 2829 417 2892 Iouico
449 2830 579 2893 homine
610 2833 784 2910 insertus’',
816 2833 910 2893 modo
942 2832 1006 2893 sic:
1042 2831 1220 2909 ,genuinus
1252 2829 1303 2891 hic
1326 2831 1378 2890 est
1401 2843 1526 2906 versus,
1549 2829 1585 2889 at

311 2933 494 3007 neglectum
530 2935 562 2995 in
598 2952 635 2997 eo
670 2937 721 2996 est
755 2936 931 3012 digamma,
966 2949 1041 3010 ergo
1076 2933 1282 3008 corrigendus
1315 2933 1367 2993 est
1395 2931 1518 3009 locus”,
1550 2931 1583 2992 in

310 3035 428 3096 circulo
464 3037 580 3098 vitioso
615 3039 790 3113 circumagi
826 3038 954 3099 ridetur
988 3038 1022 3098 et
1055 3036 1103 3097 sic
1137 3036 1204 3097 iere
1234 3034 1468 3112 argumentari,
1499 3035 1583 3109 quod

309 3152 386 3211 pace
418 3139 476 3198 viri
513 3140 624 3200 eximii
657 3141 779 3202 dictum
812 3142 900 3201 esto:
935 3139 1063 3216 ,Ionica
1093 3137 1251 3200 dialectus
1278 3153 1315 3200 eo
1340 3138 1496 3214 ternpore,
1520 3152 1584 3212 quo

309 3240 386 3300 ilias
420 3242 455 3301 et
487 3241 633 3315 Odyssea
667 3258 708 3302 ex
740 3242 917 3303 minoribus
949 3241 1146 3303 carminibus
1177 3242 1419 3317 concreverunt,
1451 3239 1582 3301 carebat

309 3357 449 3404 consona
478 3345 533 3404 P'.
566 3379 606 3388 -
638 3345 730 3406 Unde
764 3347 824 3406 hoc
858 3345 1002 3406 scimus?
1032 3377 1073 3386 -
1108 3343 1174 3420 ,Ex
1205 3342 1403 3404 carminibus
1434 3341 1578 3403 Homeri·

309 3445 388 3506 cis”.
412 3479 454 3488 -
483 3448 647 3522 Quomodo
682 3448 780 3521 igitur
815 3448 845 3507 id
881 3447 954 3508 inde
989 3445 1150 3507 eflicitur?
1179 3479 1220 3488 -
1248 3445 1302 3522 ,In
1338 3444 1580 3522 additamentis,

309 3562 391 3620 quae
425 3563 445 3608 a
479 3550 583 3622 poetis
616 3550 734 3610 ionicis
768 3551 846 3610 sunt
883 3549 1072 3624 composita,
1115 3563 1211 3622 saepe
1245 3547 1427 3621 neglegitur
1461 3545 1580 3620 digam-

309 3648 395 3708 ma”.
420 3682 461 3691 -
487 3649 547 3708 Sed
579 3649 800 3710 additamenta
830 3650 894 3710 ista
925 3650 1084 3723 quomodo
1108 3649 1238 3724 agnosci
1260 3649 1422 3724 possunt?
1445 3681 1486 3692 -
1514 3647 1581 3724 ,Ex

308 3748 454 3820 neglecto
483 3750 675 3822 praesertim
706 3751 903 3826 digammo”.
928 3783 968 3792 -
994 3751 1038 3809 At
1068 3749 1216 3824 genuinis
1247 3764 1373 3822 quoque
1397 3749 1580 3809 carminum

308 3846 387 3908 locis
421 3849 535 3909 multis
565 3849 731 3924 digamma
762 3851 854 3912 hodie
885 3851 954 3911 sine
984 3851 1164 3912 mutatione
1197 3852 1368 3912 verborum
1402 3849 1579 3911 vicinorum

308 3951 435 4012 restitui
459 3952 580 4025 nequit.
609 3986 648 3994 -
676 3953 737 4030 ,Hi
761 3953 860 4028 igitur
882 3953 1059 4028 corrigendi
1084 3955 1192 4014 sunt'’.
1220 3986 1259 3996 —

353 4053 413 4116 Sed
449 4055 612 4128 probanda
642 4057 720 4116 sunt
750 4055 839 4132 haec,
872 4071 913 4116 ne
943 4055 1087 4117 cavillari
1119 4056 1297 4117 videamur.
1329 4056 1448 4117 Totum
1481 4055 1581 4116 Flclrli

417 4233 442 4240 ι..
450 4233 528 4240 ..μ-...ι

344 4335 361 4396 ¹)
378 4340 434 4387 Non
452 4341 484 4388 de
500 4340 568 4400 ripae
584 4343 752 4407 typographico
770 4359 838 4393 uano
856 4345 985 4406 loquimur
1003 4345 1048 4392 aad
1066 4346 1098 4393 de
1115 4345 1172 4406 ipso
1189 4357 1246 4390 anuo
1263 4357 1320 4390 ran.

340 4416 360 4476 'i
380 4419 443 4476 ,Oto
464 4422 600 4481 auuahme,
617 4423 677 4472 dass
694 4437 741 4472 aar
757 4427 809 4473 soll
827 4427 936 4473 llomera
953 4425 994 4473 die
1010 4425 1052 4472 Ias
1066 4425 1113 4472 das
1130 4424 1261 4484 digamma
1278 4424 1345 4472 noch
1362 4425 1442 4472 inieci
1458 4423 1580 4472 beseusn

308 4499 402 4556 ,haria
428 4501 492 4548 lissi
517 4501 572 4550 sich
598 4516 664 4550 arrar
686 4517 733 4551 ans
754 4505 855 4564 maagal
880 4519 911 4552 an
928 4505 1028 4552 uralten
1047 4505 1151 4564 quellsu
1170 4504 1216 4552 des
1233 4505 1365 4552 ionischeu
1384 4504 1491 4552 dialecto
1510 4503 1582 4550 nicht

307 4579 500 4641 ,wiederlegsu
526 4581 586 4628 rrird
613 4582 676 4628 aber
701 4584 781 4630 achon
808 4583 922 4630 daduroh
949 4584 1065 4631 iusserat
1088 4583 1344 4644 unwalrrseheiullch,
1367 4583 1427 4630 dass
1445 4581 1511 4629 anch
1530 4581 1579 4629 den

307 4662 438 4716 „Attilam
457 4661 503 4707 clas
521 4661 646 4721 digamma
668 4663 746 4722 vortig
764 4665 885 4724 mangelt,
903 4663 988 4712 dieser
1006 4665 1060 4712 lant
1078 4665 1132 4711 also
1150 4664 1209 4710 dom
1227 4664 1359 4711 loulschen
1374 4663 1484 4710 stamme
1499 4663 1577 4710 echon

308 4755 369 4802 ,ror
393 4741 440 4788 dor
464 4741 618 4800 wanderuug
643 4741 689 4790 der
715 4744 801 4790 Iunior
826 4745 892 4790 nach
918 4745 1064 4792 llleinsnien
1092 4745 1192 4802 gelenii
1216 4757 1248 4791 an
1271 4743 1354 4790 haben
1373 4743 1499 4790 scheint''.
1517 4743 1580 4790 rior

306 4821 419 4881 Odyssea
437 4836 462 4882 p.
482 4824 520 4869 11.
537 4849 566 4858 -
577 4823 610 4870 Al
627 4823 726 4871 Atticae
745 4823 847 4871 dialecti
867 4825 950 4872 iontos
968 4825 1004 4872 1111
1026 4825 1206 4884 antiquissimi,
1223 4822 1291 4870 unde
1309 4826 1434 4884 appareat
1450 4823 1580 4882 digamma

306 4915 338 4948 ne
356 4901 460 4948 Homeri
478 4901 581 4962 quidem
600 4905 717 4964 tempore
734 4903 758 4950 iu
777 4903 821 4950 illa
839 4905 942 4964 regions
957 4904 1060 4965 vixisse,
1075 4904 1118 4950 ubi
1133 4903 1209 4950 nunti
1224 4903 1250 4950 Oi
1263 4903 1322 4962 quis
1332 4900 1580 4962 conteudntpnellas

306 4981 403 5029 Atticas
420 4981 482 5029 olim
500 4981 567 5029 inter
584 4983 728 5031 saltandum
747 4986 864 5032 caumas
881 4991 927 5031 not
943 5002 983 5044 μοι
1001 4985 1030 5030 al
1047 4977 1102 5038 fin,
1119 4981 1247 5044 quomodo
1265 4982 1424 5030 refellendus
1443 4982 1508 5031 erit?
