3958 5696
311 634 331 713 θ
355 637 430 710 326]
912 638 975 700 569

310 824 388 884 sunt
413 815 480 902 top*
504 819 543 882 dv
565 837 622 899 pro
644 819 724 903 lep«
747 817 770 884 κ’
797 825 831 885 et
852 823 983 900 eimilie,
1007 827 1040 886 in
1063 825 1179 899 quibus
1201 825 1327 887 nonnisi
1352 841 1418 888 una
1436 825 1582 888 iltterula

310 924 381 983 erat
400 924 567 985 mutanda.
591 925 687 985 Brevi
709 924 783 998 poet
803 937 860 998 pro
884 922 923 994 ὥς
947 945 1008 1000 κεν,
1028 932 1092 996 πῶς
1113 945 1165 984 κεν
1189 925 1338 987 credibile
1358 927 1410 987 est
1430 928 1580 1001 coeptum

310 1037 383 1083 esse
413 1022 567 1086 substitui
594 1021 633 1096 ὡς
656 1020 789 1101 110,ωο
812 1019 861 1100 ἄν,
882 1039 964 1097 quae
987 1039 1149 1098 nusquam
1172 1039 1234 1086 non
1258 1025 1414 1087 substitui
1436 1026 1579 1086 metrum

307 1123 443 1184 sinebat.
469 1123 643 1198 Aliquanto
664 1123 795 1199 diutius,
819 1124 856 1183 ut
878 1123 1024 1200 arbitror,
1049 1124 1172 1186 intacta
1194 1125 1407 1199 perstiterunt
1430 1122 1448 1184 d
1470 1144 1522 1184 κεν
1546 1125 1579 1184 et

308 1224 440 1300 similia,
463 1240 546 1298 quae
569 1227 606 1288 ut
627 1225 660 1285 in
684 1219 717 1296 ὃς
740 1221 779 1282 ἄν
801 1227 862 1284 etc.
888 1225 1092 1285 mutarentur
1114 1224 1190 1286 bina
1211 1224 1365 1286 vocabula
1385 1225 1478 1286 erant
1497 1223 1581 1284 solli·

308 1325 446 1385 citanda.
469 1325 545 1386 Sero
565 1325 696 1386 demum
717 1325 863 1386 innectes
883 1339 999 1386 censeo
1019 1326 1150 1387 voculas
1172 1343 1213 1388 ex
1233 1327 1451 1388 contractione
1474 1327 1580 1401 natas,

309 1426 343 1485 et
363 1424 412 1484 vei
436 1425 519 1485 hanc
541 1425 581 1485 ob
605 1440 737 1485 causam
759 1424 791 1485 in
816 1424 987 1485 Homerico
1007 1439 1157 1486 sermone
1181 1428 1351 1501 suspectas
1374 1425 1519 1500 (0157),
1542 1421 1581 1500 ἣν

308 1519 383 1599 ἐπήν
412 1538 469 1598 pro
499 1521 536 1583 oi
561 1527 615 1594 xie)
645 1524 679 1584 et
701 1520 766 1582 imi
786 1526 839 1593 xie)
860 1517 891 1593 ¹).
917 1525 1030 1597 ltaque
1053 1523 1133 1585 iilud
1155 1525 1278 1586 dictum
1301 1524 1448 1600 Achillis,
1473 1539 1493 1584 a
1516 1538 1579 1596 quo

308 1623 491 1698 disputandi
509 1623 640 1684 initium
658 1623 806 1698 fecimus,
826 1621 880 1684 diu
900 1623 999 1684 etiam
1020 1625 1094 1698 post
1114 1623 1257 1698 ipsorum
1276 1624 1446 1698 poetarum
1460 1636 1578 1684 aevum

306 1723 354 1784 sic
376 1723 625 1799 pronunciatum
649 1722 729 1784 iuit:

505 1819 595 1900 ὄψεαι
617 1822 653 1884 αἴ
671 1818 693 1883 κ’
721 1821 872 1909 ἐθέλῃσθα
895 1822 945 1886 καὶ
968 1824 1005 1886 ul'
1022 1823 1074 1887 κέν
1097 1849 1141 1888 roe
1164 1824 1200 1888 τὰ
1223 1825 1349 1912 μεμήλῃ,

306 1927 340 1986 et
373 1940 445 1988 sero
476 1926 609 1988 demum
640 1927 755 1988 natum
785 1929 837 1989 eet
867 1926 946 1988 illud
976 1923 1016 2006 hv
1049 1924 1218 2016 thlipsen,
1242 1929 1326 2004 quod
1355 1927 1395 1990 ad
1424 1941 1484 1988 nos
1513 1942 1580 2009 per·

308 2026 406 2088 venit.

350 2129 428 2191 Sero
458 2131 573 2192 uatum
603 2131 684 2210 dico,
715 2131 749 2194 et
771 2145 969 2206 quamquam
993 2134 1139 2208 tempora
1161 2133 1347 2195 accuratius
1372 2129 1503 2194 definire
1528 2146 1579 2192 ne·

306 2245 398 2306 queo,
423 2231 568 2293 Platonis
590 2235 677 2295 certe
701 2247 782 2296 aevo
804 2232 978 2306 genuinam
1003 2232 1101 2295 buius
1123 2233 1186 2296 loci
1204 2234 1377 2296 lectionem
1397 2233 1456 2294 aut
1474 2231 1580 2292 solam

307 2331 457 2394 extitisse
480 2335 538 2394 aut
560 2333 701 2395 nondum
722 2333 970 2395 intermortuam
991 2334 1103 2412 fuisse,
1123 2335 1338 2397 demonstrari
1358 2335 1473 2409 potest.
1494 2332 1577 2394 liam

306 2435 390 2508 quod
422 2435 517 2496 modo
548 2435 721 2510 poscebam
744 2436 778 2496 et
800 2434 878 2497 olim
901 2435 1023 2497 lectum
1048 2436 1149 2498 misse
1172 2434 1390 2513 perhibebam,
1414 2434 1447 2496 id
1469 2448 1579 2508 quam·

307 2550 405 2610 qnam
439 2536 473 2596 in
504 2536 666 2597 codicibus
697 2537 817 2598 nostris
848 2535 1040 2614 Homericis,
1071 2552 1135 2599 uno
1167 2536 1403 2599 Vindobonenei
1434 2537 1579 2612 excepto,

306 2653 370 2700 non
393 2638 561 2713 reperitur,
585 2637 703 2711 legitur
726 2639 836 2697 tamen
861 2639 945 2711 apud
968 2637 1149 2716 Platonem,
1173 2654 1235 2713 quo
1255 2637 1323 2700 ioco
1342 2639 1427 2700 hunc
1447 2651 1579 2698 versum

306 2740 411 2816 affert,
447 2739 479 2799 in
514 2735 632 2812 Hippia
665 2736 785 2798 itincre
820 2752 890 2812 pag.
928 2738 1037 2815 870b3
1068 2755 1127 2802 nec
1158 2755 1220 2802 non
1257 2739 1289 2800 iu
1321 2739 1484 2813 Anonymi
1513 2733 1581 2816 περ1

306 2838 462 2920 σχημάτων
485 2838 592 2900 libello
616 2839 756 2909 (Rhetor.
780 2838 916 2914 Spengel
935 2841 983 2900 III
1002 2855 1075 2916 pag.
1099 2843 1172 2919 141,
1193 2841 1295 2903 Walz.
1316 2841 1392 2901 VIII
1410 2855 1481 2916 pag.
1505 2841 1581 2912 oie)

306 2943 505 3004 siscitatur.

351 3042 566 3104 Luculentum
600 3041 700 3115 igitur
727 3043 762 3104 et
791 3041 926 3103 minime
958 3042 1091 3104 dublum
1122 3044 1183 3104 hoc
1212 3043 1265 3105 est
1297 3041 1485 3116 exemplum
1518 3043 1579 3104 tra·

306 3142 437 3204 dillonis
467 3143 552 3204 inter
581 3163 632 3203 κεν
663 3143 697 3204 et
726 3137 765 3201 tv
795 3141 988 3203 vacillantis.
1019 3143 1133 3216 Itaque
1164 3141 1192 3202 si
1219 3142 1298 3202 sunt
1319 3141 1468 3217 editores,
1493 3142 1580 3203 iusto

307 3245 445 3306 ionssse
475 3245 646 3322 cautiores,
677 3244 793 3319 quibus
824 3245 858 3305 ln
888 3245 1035 3305 veterum
1065 3243 1194 3318 scriptis
1217 3243 1424 3304 recensendis
1447 3257 1580 3304 summa

308 3346 361 3408 lex
396 3345 523 3407 videtur
555 3347 685 3423 ,littera
714 3346 835 3421 scripta
867 3346 1030 3421 maneto”‚
1063 3360 1104 3406 ue
1134 3345 1166 3404 hi
1197 3343 1327 3419 quidem
1352 3344 1472 3405 habent
1495 3345 1579 3418 quod

308 3448 501 3510 abhorreant
520 3449 552 3508 in
575 3449 722 3523 opinione
744 3463 843 3522 quam
865 3449 1093 3510 commendare
1115 3447 1215 3524 coepi,
1238 3461 1341 3507 unum
1363 3465 1415 3505 κεν
1434 3446 1580 3508 Homeri·

309 3566 384 3611 cum
415 3565 497 3626 esee,
529 3546 567 3608 dv
597 3550 708 3624 utpote
738 3549 924 3624 posterioris
955 3550 1028 3611 aevi
1051 3549 1161 3610 sordes
1184 3564 1257 3611 esse
1280 3549 1513 3610 removendum
1537 3565 1579 3610 ex

309 3653 398 3730 epico
420 3653 524 3714 textu.
549 3651 730 3726 Utrumque
753 3651 842 3714 enim
865 3653 975 3714 nostro
998 3667 1094 3714 versu
1118 3651 1274 3713 traditum
1294 3653 1356 3730 esi,
1376 3652 1463 3728 optio
1483 3652 1581 3726 igliur

309 3755 401 3816 nobie
431 3756 483 3816 esi
512 3753 667 3830 factenda,
699 3754 972 3828 quemadmodum
1004 3753 1082 3817 olim
1113 3753 1200 3815 facta
1230 3755 1282 3815 est
1307 3754 1393 3830 optio
1416 3769 1437 3815 a
1459 3753 1580 3814 criticis

310 3855 549 3932 Alexandrinis,
573 3871 648 3916 cum
671 3857 799 3917 textum
825 3855 1036 3918 Homericum
1058 3855 1302 3917 constituerent.

353 3956 530 4030 inquibus
552 3971 628 4031 prae
652 3956 768 4018 ceteris
793 3971 923 4030 semper
945 3955 1153 4016 Aristarchus
1176 3957 1228 4016 est
1250 3955 1474 4017 nominandus.
1500 3955 1580 4032 Quid

310 4059 408 4133 igitur
430 4056 484 4120 ille
506 4057 545 4118 de
569 4057 630 4118 hac
652 4057 842 4131 quaestione
863 4057 1048 4117 iudicabat?
1067 4055 1169 4130 liagls
1189 4055 1320 4116 favebat
1338 4056 1514 4131 particulae
1533 4051 1580 4114 iio.

310 4160 380 4222 lion
403 4158 539 4221 totidem
562 4158 692 4233 quidem
718 4158 824 4219 verbis
846 4157 965 4219 diserte
989 4157 1020 4218 ld
1043 4157 1135 4218 uobis
1158 4159 1210 4218 est
1232 4157 1398 4233 traditum,
1422 4157 1479 4219 sed
1498 4157 1581 4218 satis

310 4263 422 4322 lamen
445 4261 579 4335 apparet
600 4274 642 4320 ex
664 4260 706 4320 iis
728 4273 811 4333 quae
834 4259 975 4333 legimus
998 4258 1032 4318 in
1055 4257 1188 4319 scholiis
1211 4258 1252 4319 ed
1276 4260 1311 4317 N
1331 4258 1411 4320 289:

344 4547 365 4618 ¹)
382 4551 488 4600 Δο001111
517 4553 697 4611 argumentum
723 4564 755 4599 ex
782 4552 871 4600 ordine
898 4565 949 4611 qno
977 4551 1119 4612 perticulee
1145 4551 1214 4612 epnd
1240 4552 1381 4600 Homerum
1406 4553 1526 4614 excipere
1551 4567 1579 4601 ee

310 4631 394 4680 solent
417 4631 573 4692 deenmtnm,
600 4629 669 4690 qnod
694 4629 780 4677 verbis
801 4630 901 4679 lionrcl
923 4631 997 4679 Hom.
1020 4628 1145 4680 (drumm.i
1160 4644 1186 4690 p.
1204 4631 1253 4677 82⁹
1271 4629 1402 4678 indicabo:
1420 4631 1481 4688 „ibe
1498 4645 1578 4692 neege

311 4711 387 4768 ,villi
404 4709 496 4770 regard
513 4711 540 4757 to
556 4709 601 4756 ibe
617 4707 694 4756 order
710 4708 740 4756 01
752 4708 797 4756 tbe
811 4709 935 4758 Perticiee
952 4710 1075 4758 excludes
1088 4709 1132 4757 ibe
1147 4709 1333 4758 combinatione
1352 4709 1424 4772 teti,
1440 4711 1467 4772 tv
1483 4725 1533 4777 nep,
1553 4711 1579 4771 tv

312 4791 372 4854 ,γάρ
390 4813 420 4823 -
439 4788 480 4837 ior
496 4787 579 4836 which
596 4789 692 4836 Homer
708 4787 792 4836 would
808 4787 874 4837 here
890 4791 913 4836 ei
928 4789 952 4835 δ’
972 4788 1008 4845 dr,
1025 4789 1106 4854 uturp
1123 4788 1159 4844 de,
1177 4790 1198 4836 el
1212 4789 1258 4855 γὰρ
1275 4789 1326 4836 δι’·
