3934 5706
362 765 380 833 ἓ
403 765 457 836 40]
964 769 1026 829 189

365 950 481 1024 „tione
516 950 752 1024 prolixissimus
784 951 883 1011 libros
916 952 955 1012 de
987 951 1152 1024 digamma
1182 951 1498 1025 orthographicisque
1531 951 1626 1010 rebus

366 1048 546 1124 „perlegere
577 1065 640 1110 non
671 1052 832 1126 recusant,
863 1051 919 1110 sed
950 1051 979 1110 ei
1003 1052 1086 1125 quis,
1109 1053 1147 1110 ut
1169 1051 1295 1111 fructus
1318 1050 1435 1122 aliquis
1457 1049 1626 1110 subtilium

365 1150 609 1224 „quaestionum
633 1151 673 1210 ad
698 1150 836 1212 nitorem
860 1151 1041 1212 carminum
1065 1151 1300 1212 restituendum
1325 1150 1376 1210 val
1396 1149 1629 1224 impedimenta

365 1251 541 1325 „scnbandi
575 1252 770 1312 removenda
803 1253 968 1328 redundet,
999 1253 1118 1312 tradita
1150 1253 1246 1313 verba
1277 1253 1403 1312 mutare
1434 1267 1535 1312 ausus
1567 1253 1627 1326 est,

366 1369 513 1426 „omucm
538 1355 743 1428 antiquitatis
766 1356 981 1416 reverentiam
1005 1355 1081 1416 extri
1104 1355 1305 1416 clamitant.”

886 1581 1078 1592 --.——.-

405 1754 466 1814 Sed
501 1756 539 1814 ad
575 1755 680 1829 ipsam
714 1771 783 1817 rem
818 1757 885 1817 iam
920 1757 1099 1819 veniamus.
1135 1759 1172 1818 Iu
1208 1757 1328 1833 lingua,
1360 1772 1424 1830 qua
1454 1756 1628 1819 utebantur

361 1858 473 1930 pootae
507 1857 618 1918 lliadis
651 1858 685 1918 ct
719 1859 892 1936 Odysseae,
931 1859 1037 1920 muita
1073 1859 1228 1922 vocabula
1261 1861 1436 1921 servabant
1468 1857 1627 1920 initialem

361 1973 534 2018 consonam
557 1977 586 2019 w
608 1962 648 2021 ab
671 1962 792 2036 origine
814 1963 856 2023 ils
879 1963 1051 2038 propriam.

405 2061 506 2120 Fuere
528 2062 583 2134 uui
606 2063 757 2136 putarent
778 2063 871 2124 illum
894 2079 1011 2124 sonum
1032 2065 1064 2124 in
1088 2064 1214 2138 poetica
1234 2065 1363 2124 tantum
1383 2063 1521 2122 dictione
1541 2061 1629 2122 illius

361 2162 432 2220 aevi
463 2163 595 2238 vixisse,
622 2179 697 2223 cum
722 2180 763 2224 ex
786 2165 895 2238 lingua
923 2165 1048 2238 vulgari
1072 2165 1278 2238 evanuisset;
1303 2166 1452 2224 cantores
1475 2163 1572 2237 igitur
1596 2163 1629 2222 in

361 2263 561 2323 hexametris
594 2265 663 2324 suie
692 2264 814 2325 dixisse
847 2263 947 2336 idve}
977 2267 1011 2326 et
1040 2264 1146 2335 fatuae
1176 2267 1210 2325 et
1239 2263 1371 2339 similla,
1403 2265 1459 2325 sed
1490 2260 1565 2333 ἄναξ
1596 2263 1630 2322 et

361 2355 441 2433 οἶκος
463 2364 589 2436 quoties
611 2364 698 2424 domi
721 2381 796 2425 cum
823 2367 893 2425 suis
917 2366 1208 2427 confabularentur.
1232 2366 1293 2427 Sed
1318 2365 1385 2425 veri
1409 2365 1460 2424 est
1479 2363 1629 2423 dissimil-

361 2463 440 2525 lima
468 2465 548 2525 haec
576 2465 692 2539 opinio,
725 2480 806 2538 quae
838 2481 940 2538 neque
972 2467 1100 2526 aliunde
1132 2467 1239 2540 potest
1270 2463 1453 2526 confirmari
1478 2496 1518 2506 —
1551 2478 1628 2522 nam

360 2565 547 2638 ignoramus
582 2579 662 2636 quos
694 2580 790 2625 sonos
820 2579 929 2626 sermo
960 2567 1167 2639 quotidianus
1198 2566 1271 2626 aevi
1302 2563 1464 2624 Homerici
1494 2563 1564 2622 sive
1596 2563 1628 2621 in

361 2663 451 2723 Ionia
473 2662 543 2722 sive
567 2665 599 2722 in
623 2665 697 2724 aliis
721 2665 874 2726 Graeciae
897 2667 1081 2739 regionibus
1107 2667 1255 2726 habuerit
1279 2699 1318 2708 —-
1344 2679 1447 2736 neque
1463 2663 1542 2738 ipsis
1565 2678 1629 2722 car·

361 2753 503 2822 minibus
530 2763 629 2837 epicis
652 2766 907 2826 commendatur.
931 2766 1001 2827 Non
1025 2767 1113 2826 euim
1136 2767 1195 2826 tali
1214 2780 1331 2839 genere
1351 2763 1476 2825 dicendi
1495 2764 1630 2821 utuntur

363 2866 488 2924 ueteres
511 2866 634 2938 poetae,
658 2866 742 2936 quod
774 2865 905 2925 vocibus
936 2866 986 2926 vel
1018 2866 1245 2926 vocabulorum
1271 2865 1385 2927 formis
1406 2863 1630 2924 intermortuis

360 2979 491 3038 operose
522 2965 567 3024 sit
596 2967 800 3041 exornatum,
830 2981 894 3027 uon
925 2967 1066 3028 diiilcilis
1095 2969 1129 3028 et
1161 2967 1270 3027 iucata
1301 2968 1352 3026 est
1382 2979 1494 3026 eorum
1521 2963 1629 3037 dictio,

360 3067 416 3126 sed
447 3065 587 3140 simplex
619 3069 654 3126 et
681 3069 771 3128 recta
801 3070 835 3128 et
857 3069 961 3129 cuivis
984 3070 1160 3144 perspicua.
1184 3069 1348 3128 Adhibent
1374 3081 1453 3127 sane
1475 3065 1630 3126 nonnulla

361 3169 503 3244 upitlrcta
526 3169 656 3248 rariora,
677 3186 759 3244 quaa
778 3171 922 3246 ipsorum
945 3171 1145 3232 auditoribus
1166 3171 1222 3230 vix
1245 3169 1353 3230 miuus
1372 3169 1508 3231 obscura
1528 3167 1630 3228 inisse

361 3287 459 3345 uuam
489 3273 651 3334 hodiernis
680 3273 853 3334 lectoribus
884 3273 1067 3348 suspicetur
1097 3273 1275 3349 quispiam
1308 3274 1455 3333 attamen
1487 3270 1629 3331 multum

362 3374 454 3433 :illest
488 3377 525 3434 ut
558 3375 673 3447 quovis
707 3390 802 3436 versu
836 3377 984 3450 portenta
1014 3377 1048 3436 et
1082 3375 1268 3448 aenigmata
1299 3375 1487 3448 loquantum
1520 3373 1630 3445 lingua

362 3493 493 3537 ariorum
526 3477 725 3553 popularium
759 3479 892 3538 utuntur·
921 3477 999 3538 dum
1031 3477 1133 3538 doctis
1165 3477 1363 3551 indoctisque
1391 3492 1452 3537 sua
1486 3475 1631 3536 cariniua

362 3583 491 3640 irruunt.
524 3581 617 3656 lisga,
648 3580 676 3641 si
706 3582 781 3642 anto
811 3597 913 3656 pauca
944 3583 1072 3642 mutium
1105 3580 1270 3656 vocabula,
1299 3597 1319 3640 a
1342 3579 1468 3654 vulgari
1492 3579 1630 3640 dictione

362 3685 477 3759 aliena,
501 3701 528 3745 e.
553 3701 583 3758 g.
607 3681 771 3762 terradellos
802 3687 835 3746 et
864 3683 1037 3758 selinunte,
1065 3685 1203 3758 vestigia
1234 3684 1388 3759 spirantis
1413 3683 1437 3743 f
1459 3682 1629 3757 depreben-

362 3788 522 3860 dereutur,
546 3787 658 3847 autin
682 3786 780 3847 certis
802 3787 930 3846 tantum
955 3787 1103 3848 formulis
1130 3787 1355 3848 nominibusve
1379 3785 1515 3861 propriis
1538 3800 1630 3859 appa·

362 3889 478 3962 retent,
510 3903 593 3960 quae
624 3887 729 3960 mytbi
759 3888 953 3961 praebebant
984 3888 1204 3961 antiquissimi
1235 3890 1339 3964 (Ρῑρις,
1362 3886 1491 3964 strada,
1513 3885 1632 3960 Ρίλιος),

362 3989 487 4049 delendi
516 3989 627 4062 posset
656 3987 762 4061 opinio
794 4003 905 4048 sorum
937 3989 992 4062 qui
1016 3991 1132 4063 putant
1155 3990 1267 4062 postas
1290 4003 1407 4048 sonum
1430 3988 1453 4045 f
1477 3987 1510 4046 in
1533 3986 1629 4046 versi·

362 4089 422 4148 bus
451 4091 580 4150 tantum
612 4105 797 4165 usurpasse,
829 4105 893 4149 uon
922 4091 1086 4151 audivisse
1118 4091 1151 4151 in
1178 4091 1298 4151 civium
1323 4104 1457 4150 suorum
1481 4101 1630 4147 sermone

363 4191 532 4263 familiari;
560 4204 635 4250 cum
666 4205 743 4251 vero
766 4190 831 4250 elia
853 4191 964 4251 omnia
986 4192 1122 4251 doceant
1143 4191 1289 4251 carmina
1312 4191 1401 4263 apice
1432 4192 1466 4249 et
1496 4187 1630 4262 reperia-

364 4293 416 4352 tur
445 4292 611 4365 digamma
640 4291 673 4351 in
709 4291 823 4351 multis
847 4292 979 4352 vocibus
1006 4293 1122 4364 quibus
1146 4307 1241 4351 uerno
1266 4307 1329 4351 non
1351 4291 1493 4365 quotidie
1516 4290 1629 4364 utitur,

362 4390 458 4450 fricto
487 4391 592 4463 fosnor,-
621 4392 726 4462 ἔοῖνος
754 4391 869 4451 isiaca
899 4392 936 4450 fr
963 4389 1074 4470 Ηργον
1103 4391 1203 4451 saleru
1235 4394 1431 4465 centumque
1454 4390 1538 4465 aliie,
1562 4405 1629 4463 pro·

363 4492 513 4566 pellimur
536 4496 568 4552 et
599 4493 744 4566 cogimur
771 4493 804 4552 in
828 4509 901 4554 eam
924 4493 1132 4569 seutentiam,
1157 4509 1254 4567 quam
1280 4509 1377 4566 supra
1396 4492 1628 4567 expressimus,

363 4595 401 4652 ut
429 4607 604 4653 consonam
636 4594 802 4667 digamma
832 4596 865 4655 lu
896 4595 967 4668 ipsa
989 4595 1110 4671 lingua,
1134 4610 1198 4668 qua
1221 4595 1395 4655 utebantur
1417 4594 1530 4668 poetae
1549 4592 1630 4665 epici

364 4709 539 4768 eorumque
562 4695 741 4772 populures,
766 4695 888 4757 vixisse
913 4698 1108 4757 statuamus.
1131 4695 1336 4757 Contrarium
1360 4697 1471 4756 autem
1491 4695 1519 4754 si
1538 4695 1630 4755 uobis

363 4797 527 4874 ungimus,
558 4799 671 4872 poetas
700 4797 826 4858 locutos
857 4813 929 4859 esse
961 4797 1106 4871 linguam
1137 4813 1277 4858 consona
1305 4797 1527 4872 lucrantem,
1554 4795 1629 4869 quid

365 4899 496 4960 tandem
519 4914 708 4974 permovere
731 4915 787 4960 eos
809 4900 936 4974 poterat
958 4901 995 4960 ut
1019 4899 1052 4960 in
1075 4899 1273 4960 carminibus
1292 4901 1362 4960 suis
1381 4899 1629 4959 intermortuum
