3952 5700
312 752 331 818 ε
354 751 408 821 23]
929 748 972 842 er·

313 935 424 1010 Neque
461 934 624 1008 integrum
656 950 729 996 esse
767 934 897 995 initium
933 943 1089 995 versuum
1128 935 1146 992 1
1179 937 1198 996 0
1233 936 1267 993 Ψ
1295 936 1358 996 100
1390 933 1502 1015 Βορέης
1531 931 1583 998 sel

316 1042 462 1123 Ζέφυρος,
490 1039 584 1130 Βορέῃ
614 1039 664 1103 καὶ
695 1043 822 1128 Ζεφύρῳ
856 1043 949 1104 docet
983 1041 1143 1117 Synizesis
1177 1042 1227 1112 (cf.
1260 1044 1277 1112 5
1308 1043 1328 1103 8
1352 1047 1385 1104 et
1415 1019 1528 1122 338),
1553 1046 1582 1108 εἰ

314 1155 424 1216 tamen
457 1128 666 1215 substituitur
696 1153 862 1214 contracta
892 1153 997 1213 forma
1028 1153 1143 1229 Βορρῆς
1174 1149 1284 1234 Βορρῇ,
1314 1151 1431 1213 vitium
1457 1154 1583 1215 tollitur

314 1257 403 1318 vitio.
433 1257 493 1318 Sed
517 1256 550 1316 in
574 1255 759 1329 catalogum
783 1253 955 1330 recipiendi
979 1254 1057 1313 sunt
1079 1253 1234 1314 fortasse:

404 1361 429 1416 Ρ
448 1360 511 1419 647
536 1347 608 1432 pdst'
629 1349 658 1415 d’
680 1353 717 1414 ’ἓν
740 1353 791 1415 καὶ
813 1351 945 1433 ὄλεσσον,
966 1355 1056 1416 codd.
1080 1350 1113 1414 ἐν
1137 1349 1169 1414 δὲ
1192 1358 1268 1431 φαεῖ
1284 1376 1310 1414 κ.
1335 1349 1431 1432 6.,01.
1456 1357 1474 1426 5
1500 1359 1551 1418 71.

403 1459 435 1518 Ω
474 1460 514 1519 79
538 1449 641 1533 μέλανι
664 1453 771 1536 ἔνθορε
794 1455 903 1540 πόντῳ,
925 1455 1014 1517 codd.
1039 1452 1146 1534 ἔνθορε
1170 1453 1285 1533 μείλανι
1307 1452 1414 1540 πόντῳ.

402 1583 414 1618 ε
453 1561 517 1620 425
539 1551 597 1628 ὄιες
614 1553 733 1635 ἄρσενες
752 1547 839 1635 ἦσαν,
858 1557 947 1618 codd.
967 1552 1088 1633 ἄρσενες
1107 1551 1166 1628 ὄιες
1179 1553 1334 1627 (701οἷιες)
1347 1546 1485 1636 dodaci.
1498 1559 1516 1628 S
1530 1561 1581 1620 74.

360 1660 553 1722 Huiusmodi
587 1674 701 1720 versus
730 1659 936 1734 grammatici
959 1659 1038 1720 olim
1062 1654 1230 1734 ἀκεφάλους
1253 1659 1421 1721 vocabant.
1446 1660 1582 1721 Reman·

314 1764 398 1824 sisse
421 1763 533 1824 autem
558 1761 684 1822 videtur
707 1762 787 1822 haec
809 1760 940 1822 licentia
963 1777 1004 1822 ex
1027 1761 1207 1834 antiquiore
1230 1761 1385 1837 tempore,
1405 1777 1468 1836 quo
1487 1763 1583 1824 hexa-

316 1867 419 1926 meter
453 1864 608 1939 inciperet
641 1881 661 1924 a
691 1863 762 1924 basi
794 1863 952 1926 liberioris
982 1863 1256 1940 conformationis,
1287 1864 1348 1924 hac
1371 1863 1405 1923 in
1428 1879 1462 1924 re
1486 1863 1584 1938 igitur

316 1966 434 2025 similis
463 1966 594 2026 Aeolion
625 1979 779 2026 versuum
810 1964 930 2039 generi,
954 1964 1047 2025 culus
1069 1963 1257 2037 exemplum
1280 1979 1322 2023 ex
1346 1963 1465 2024 Alcaeo
1489 1965 1586 2024 affert

316 2065 534 2140 Hephaestion
557 2065 596 2126 de
619 2063 709 2125 lletr.
734 2080 761 2125 c.
788 2066 806 2123 7
830 2064 879 2134 (fr.
904 2064 973 2124 Alc.
998 2065 1069 2132 ser:

536 2161 659 2242 νέλομοί
678 2185 743 2222 τινα
764 2161 817 2222 τὸν
839 2162 974 2242 χαρίεντα
998 2160 1134 2223 Μένωνα
1155 2162 1304 2241 κάλεσσαν,

537 2264 570 2324 αἳ
590 2262 645 2346 χρὴ
665 2263 832 2342 συμποσίας
855 2257 897 2324 ἐνί
923 2260 1028 2325 ὄνασιν
1050 2261 1115 2341 ἔμοι
1138 2260 1317 2344 γεγένησθαν
1341 2259 1372 2335 ¹).

361 2367 473 2428 Latius
506 2365 604 2441 igitur
638 2381 735 2427 usum
771 2381 926 2428 versuum
960 2362 1118 2442 ἀκεφάλων
1152 2365 1186 2427 in
1220 2366 1311 2442 epica
1339 2368 1410 2429 arte
1440 2367 1585 2443 patuisse

317 2472 460 2545 tempore
493 2469 733 2530 antehomerico
770 2468 938 2544 credibile;
977 2470 1010 2528 in
1041 2468 1111 2543 ipso
1149 2483 1275 2542 quoque
1308 2483 1438 2544 corpore
1473 2469 1586 2531 carmi·

315 2587 395 2632 num
425 2571 671 2633 Homericorum
703 2570 807 2632 multo
835 2571 927 2646 plura
951 2571 1021 2631 eius
1044 2570 1183 2644 vestigia
1205 2569 1397 2644 deprehendi
1420 2571 1588 2646 ingeniosa

316 2675 532 2751 disputatione
566 2674 827 2735 demonstratum
861 2673 922 2733 ivit
957 2672 1093 2733 Schulze
1124 2672 1307 2748 Quaestion.
1339 2672 1425 2747 Epic.
1458 2689 1487 2750 p.
1521 2675 1585 2734 374

317 2793 397 2853 sqq„
428 2777 483 2850 qui
514 2777 577 2838 huc
609 2775 710 2838 traxit
741 2775 839 2837 verba
865 2767 948 2854 ἴομεν
972 2777 996 2836 ll
1020 2775 1085 2836 440
1108 2776 1180 2851 etc,
1205 2773 1314 2847 δαίζων
1336 2778 1368 2834 Λ
1392 2776 1467 2854 497,
1492 2767 1587 2861 ἰανθῇ

317 2903 334 2958 χ
361 2883 413 2957 bil,
442 2871 527 2964 ἀείδῃ
554 2901 571 2959 ρ
596 2881 671 2958 019,
699 2869 784 2938 uldra
812 2881 838 2938 Β
861 2881 903 2942 56
924 2880 996 2955 etc„
1020 2869 1092 2952 σὰος
1115 2881 1147 2938 X
1168 2879 1242 2953 332,
1259 2873 1445 2956 ''Olearro‘vd'
1474 2880 1586 2942 6439

317 2983 334 3054 ζ
366 2984 418 3058 42,
461 2973 545 3063 ὄρεος
578 2985 608 3042 Γ
638 2982 679 3043 34
720 2983 793 3059 etc,
830 2973 977 3061 οοροφοῖοέ
1020 2983 1054 3041 Ν
1090 2982 1153 3042 007
1191 2981 1282 3054 (item
1317 2981 1394 3042 Hes.
1429 2982 1485 3059 Op.
1523 2983 1586 3044 528

317 3084 347 3144 h.
381 3083 448 3145 Ger.
486 3085 549 3160 48),
588 3101 671 3158 quae
713 3085 825 3146 tamen
859 3083 1042 3146 maximam
1083 3086 1209 3160 partem
1255 3083 1430 3145 admodum
1464 3086 1589 3146 incerta

318 3185 409 3246 nobis
442 3186 602 3247 videntur.

361 3288 504 3347 Eandem
527 3302 625 3360 quam
648 3287 782 3361 primae,
806 3287 907 3346 etiam
938 3288 1052 3346 sextm
1072 3285 1137 3346 arsi
1158 3300 1345 3347 concessam
1367 3287 1468 3347 tuisse
1494 3286 1588 3348 licen·

319 3389 398 3448 tiam
430 3389 464 3449 et
493 3389 621 3449 veteres
643 3386 849 3460 grammatici
871 3387 1037 3464 putarunt,
1061 3385 1220 3465 μειούρους
1251 3388 1405 3447 vocantes
1428 3387 1588 3450 eiusmodi

319 3490 536 3565 hexametros,
567 3488 601 3548 et
631 3487 765 3548 schulze
796 3487 816 3548 l.
842 3486 862 3547 1.
887 3503 917 3562 p.
942 3488 1007 3547 430
1030 3501 1099 3560 sqq.
1128 3487 1262 3562 probare
1285 3488 1421 3548 conatus
1443 3491 1496 3549 est
1518 3505 1588 3551 eon·

318 3589 419 3663 gestis
439 3589 528 3650 hisce
551 3587 700 3648 vocibus:
725 3579 797 3662 ὄφιν
821 3589 863 3646 Μ
883 3588 958 3664 208,
976 3580 1011 3670 ἕρ
1030 3579 1068 3646 ἔω
1088 3588 1244 3647 113401
1262 3588 1325 3647 340
1347 3588 1424 3649 Hes.
1446 3590 1503 3665 Op.
1525 3592 1587 3652 077

319 3690 506 3767 ο1ο.,κάνεα
528 3712 546 3749 κ
570 3690 644 3765 300,
669 3695 784 3764 eboreo
808 3710 825 3747 κ
850 3690 925 3766 389,
950 3677 1058 3764 φοτὲος
1083 3688 1160 3749 Ηοε.
1179 3688 1297 3763 Theog.
1319 3690 1384 3749 310
1404 3690 1491 3753 Scut.
1515 3694 1589 3768 144,

322 3792 393 3868 161,
418 3781 494 3850 κέων
513 3789 528 3862 ξ
548 3789 624 3864 420,
648 3779 748 3866 νεμὲσι
772 3791 797 3847 Ζ
821 3791 896 3866 335,
919 3787 1034 3860 θόᾱκος
1057 3810 1118 3848 -κοι
1142 3789 1242 3860 (codd.
1270 3787 1388 3860 θόωκος
1408 3794 1481 3861 μοι)
1503 3792 1523 3868 β
1547 3794 1588 3853 26

319 3915 340 3967 μ
364 3891 439 3966 318,
463 3885 535 3950 iiio
558 3911 575 3969 ρ
603 3889 675 3965 196,
700 3880 772 3968 ἐάγη
796 3893 827 3947 Λ
851 3891 925 3966 559,
947 3885 1048 3948 κε’ᾱται
1072 3889 1171 3960 (codd.
1200 3884 1327 3959 κέονται)
1351 3891 1383 3948 Χ
1404 3891 1587 3952 5101341

319 4012 341 4048 rr
366 3993 440 4068 232,
472 3987 563 4067 ἐφιείς
595 3994 624 4050 Λ
649 3991 701 4067 01,
724 3985 806 4069 ὕδωρ
831 3987 941 4054 ,7430
966 3993 1027 4052 etc.
1054 4025 1094 4035 -
1119 3991 1230 4066 Specie
1253 3991 1407 4066 deceptus
1430 3992 1508 4066 quln
1530 3993 1592 4054 hoc

320 4095 405 4154 corte
439 4093 509 4154 loco
543 4108 564 4154 a
596 4095 686 4155 rocta
719 4092 773 4154 vla
807 4094 856 4155 vir
887 4095 1002 4156 doctus
1034 4092 1233 4157 aberraverit
1254 4093 1347 4156 nobis
1369 4093 1501 4156 dubium
1526 4111 1589 4156 non

323 4197 448 4258 videtur
472 4201 502 4269 ¹).

365 4396 461 4482 §dit
484 4401 594 4463 Multis
617 4402 697 4464 locis
718 4403 831 4464 textus
855 4403 965 4466 traditi
988 4403 1114 4478 syllaba
1136 4403 1244 4466 brevis
1267 4405 1300 4464 in
1329 4402 1394 4464 arsi
1416 4416 1473 4478 pro
1495 4401 1591 4478 longa

321 4505 465 4568 adhibita
487 4521 558 4568 esse
578 4507 715 4584 videtur,
735 4522 811 4568 cum
833 4524 947 4570 revera
964 4508 1061 4584 longa
1079 4507 1124 4570 sit
1142 4507 1310 4585 positione,
1330 4507 1370 4568 cf.
1383 4508 1401 4578 3
1415 4508 1466 4568 24.
1486 4507 1591 4583 Aptis-

389 4673 541 4681 .-...-.....

355 4765 375 4827 ¹)
400 4767 447 4816 Oui
465 4769 582 4829 exemplo
604 4783 636 4816 ne
658 4769 735 4816 nimis
758 4769 869 4817 multum
896 4770 1049 4829 tribuemus,
1072 4771 1239 4819 observemus
1257 4773 1359 4831 oportet
1377 4784 1426 4818 non
1443 4769 1520 4831 primi
1538 4771 1593 4815 tsn-

321 4850 377 4894 tnm
394 4847 440 4895 sed
457 4848 535 4895 etism
553 4849 638 4908 quarti
654 4848 729 4908 pedis
744 4849 947 4898 conformatione
960 4845 1003 4915 (oi.
1023 4851 1066 4908 §a
1085 4863 1110 4910 p.
1130 4853 1160 4898 18
1178 4851 1245 4910 sqq.)
1263 4850 1349 4898 hlasel
1365 4849 1413 4897 hos
1429 4849 1593 4897 hexametros

321 4940 336 4973 s
353 4927 470 4974 versibus
488 4927 598 4975 heroicis
613 4927 769 4987 dlsorepsre.

1474 5015 1487 5060 7
