4100 5724
292 687 310 758 9
336 687 409 760 162]
896 688 960 750 405

336 876 450 950 Itaque
481 891 583 937 unum
610 876 745 937 verbum
773 874 824 936 τίω
854 875 1048 953 frequenter,
1081 873 1194 956 ύρηιύω
1217 879 1250 940 et
1272 876 1382 959 ῥύομαι
1404 894 1468 940 non
1492 893 1565 940 raro

294 977 440 1038 vocalem
462 977 651 1052 producunt,
675 979 783 1038 cetera
805 977 936 1038 tantum
958 993 1023 1038 non
1049 993 1178 1053 semper
1201 993 1275 1039 eam
1299 979 1484 1052 corripiunt.

338 1077 426 1138 Haec
447 1077 502 1150 qul
523 1077 648 1138 erudita
675 1077 708 1136 et
727 1077 880 1136 accurata
906 1077 1180 1138 commentatione
1202 1077 1352 1152 exposuit
1372 1077 1566 1139 Guilielmus
1607 1103 1609 1108 ·

294 1177 430 1238 Schulze
465 1178 605 1253 (Quaest.
642 1177 727 1250 llplc.
761 1192 791 1251 p.
821 1177 885 1238 326
917 1183 1008 1253 spol,
1042 1177 1115 1239 inde
1149 1178 1257 1239 eilecit
1291 1179 1448 1255 vocalem,
1482 1193 1566 1251 quae

295 1277 399 1338 mulio
432 1278 631 1350 frequentius
667 1293 723 1351 pro
757 1277 846 1338 brevi
880 1292 977 1352 quam
1013 1293 1070 1354 pro
1101 1278 1197 1353 longa
1225 1279 1336 1340 lrablia
1366 1279 1420 1355 sit,
1452 1291 1567 1339 revera

295 1378 427 1439 brevem
451 1378 551 1438 luisse
574 1379 736 1453 primitus,
764 1393 823 1440 nec
845 1379 908 1440 nial
939 1382 1073 1454 cogente
1097 1382 1201 1440 metro
1224 1394 1245 1441 a
1268 1381 1408 1441 vetustis
1431 1379 1565 1441 cantori·

296 1479 355 1538 bus
385 1478 548 1540 interdum
577 1480 767 1553 productam
797 1493 879 1540 esee.
923 1480 985 1541 Sed
1014 1479 1076 1540 vlrl
1106 1479 1191 1541 doctr
1221 1480 1362 1555 opinioni
1391 1481 1566 1555 quominus

296 1577 488 1637 accedamus
511 1577 591 1638 haec
613 1577 758 1639 obstant:

343 1681 372 1748 1)
395 1677 531 1740 Vocalee
552 1702 564 1739 ι
587 1681 621 1741 et
643 1701 662 1739 v
686 1695 749 1740 non
780 1680 887 1742 solum
913 1681 946 1741 in
970 1681 1035 1742 arsi
1055 1683 1112 1744 sed
1132 1681 1233 1744 etlam
1256 1681 1290 1742 ln
1313 1681 1399 1744 tiresl
1422 1696 1479 1758 pro
1502 1681 1566 1743 lon·

296 1782 346 1856 gis
375 1781 538 1844 adhibitae
567 1782 769 1858 reperiuntur
791 1779 952 1862 (ἆλλύεοκε,
976 1780 1156 1864 ἀλλύουσαν,
1177 1784 1374 1862 ποιπνύοντα,
1391 1777 1569 1862 'acinacen

298 1881 440 1963 ἐρητύειν,
463 1882 631 1964 ἐρητύοντο,
653 1881 825 1965 ἐπιθύουσι,
847 1884 958 1967 ῥύοιτο,
979 1885 1123 1966 ῥύοισθε).

343 1991 374 2060 2)
404 1989 653 2051 Denominatlva
682 2005 702 2049 a
733 1989 865 2051 vocibus
893 1989 926 2050 ln
956 2002 1006 2060 -op
1036 1991 1198 2050 ducuntur
1231 1990 1298 2051 iere
1328 1989 1453 2066 omnta;
1485 2003 1513 2051 e.
1538 2003 1568 2063 g.

297 2087 395 2168 ἀρτύω
418 2105 438 2151 a
461 2106 539 2152 voce
562 2090 726 2166 deperdita
748 2081 864 2171 ύρ-τύς,
885 2089 965 2151 ieie
989 2106 1009 2151 a
1033 2107 1111 2152 voce
1134 2081 1214 2163 ἰθύς.
1238 2091 1285 2156 Oi.
1308 2092 1327 2162 5
1349 2093 1390 2153 75
1413 2106 1443 2167 p.
1464 2092 1538 2152 227.

343 2195 373 2262 θ)
398 2193 520 2254 nutura
542 2192 654 2253 aoristi
677 2192 819 2267 perlecta
842 2193 947 2267 longis
970 2192 1136 2254 vocalibus
1159 2206 1170 2252 ι
1193 2195 1227 2254 et
1249 2205 1268 2253 ο
1292 2193 1340 2253 utl
1364 2193 1479 2254 solent.

342 2295 373 2364 4)
396 2293 506 2354 Attica
529 2292 688 2355 dialectus
708 2293 809 2354 etiam
829 2293 992 2368 praesenti
1011 2295 1045 2354 et
1064 2293 1252 2369 imperfecto
1270 2295 1384 2356 horum
1399 2296 1570 2355 verborum

298 2394 429 2468 longam
452 2395 597 2455 vocalem
622 2396 774 2470 perpetuo
797 2394 919 2455 tribuit.

346 2494 543 2569 Quapropter
565 2495 673 2568 potius
694 2494 903 2554 statuendum
929 2493 1055 2554 videtur
1079 2492 1186 2567 verba,
1210 2508 1348 2566 quorum
1368 2493 1468 2568 stirps
1486 2495 1571 2554 clau·

301 2593 387 2652 ditur
410 2593 513 2653 vocall
544 2597 633 2664 (nam
656 2593 695 2652 de
722 2593 878 2666 stirpibus
900 2593 934 2652 in
956 2609 978 2652 ο
1001 2609 1016 2651 e
1039 2607 1056 2651 ο
1079 2591 1273 2652 exeuntibus
1296 2593 1383 2652 idem
1407 2594 1515 2653 valere
1538 2594 1571 2653 ln

301 2691 319 2759 ἓ
345 2692 407 2751 190
438 2691 624 2767 apparebit),
654 2706 694 2751 ea
715 2690 786 2764 lege
812 2690 915 2752 teneri
945 2705 1045 2764 quam
1074 2691 1106 2750 in
1130 2691 1148 2760 S
1176 2691 1214 2750 17
1247 2691 1430 2765 tetigimus;
1454 2707 1571 2752 sonum

302 2789 400 2862 igitur
433 2790 607 2852 radicalem
642 2791 757 2866 suapte
787 2793 905 2850 natura
937 2790 1071 2865 longum
1099 2790 1201 2850 fuisse
1231 2789 1288 2851 sed
1320 2793 1395 2852 ante
1425 2792 1571 2851 vocalem

304 2891 447 2964 potuisse
466 2892 590 2967 corripi.
611 2891 651 2951 iit
673 2889 827 2964 quoniam
847 2891 977 2951 tantum
996 2904 1060 2950 nou
1079 2889 1230 2950 omnibus
1252 2890 1333 2951 locis
1351 2892 1436 2953 huno
1456 2907 1572 2953 sonum

303 2991 417 3066 corripi
451 2991 591 3053 Scbulzii
626 2993 756 3068 copiosa
789 2991 1005 3068 disputatione
1041 2991 1144 3052 edocti
1175 3006 1302 3068 sumus,
1333 2994 1467 3069 apparet
1497 2995 1574 3054 ante

303 3093 435 3153 Homeri
462 3096 606 3156 aetatem
628 3095 813 3156 decrescere
843 3094 996 3170 coepisse,
1020 3093 1109 3167 epico
1132 3095 1243 3154 antem
1268 3109 1348 3156 aevo
1372 3095 1451 3156 adeo
1475 3095 1576 3156 luisse

303 3196 513 3257 imminutum
535 3199 571 3257 ut
590 3212 646 3272 pro
667 3197 761 3272 longo
786 3197 840 3256 vix
860 3197 970 3272 posset
989 3194 1109 3270 haberi,
1130 3196 1321 3270 quapropter
1341 3197 1374 3257 in
1393 3197 1478 3258 thesi
1498 3213 1574 3258 eum

301 3297 474 3370 producere
498 3299 611 3373 poetae
635 3299 690 3358 vix
710 3313 853 3372 unquam
873 3297 936 3358 nisi
949 3298 1054 3358 metro
1073 3299 1207 3371 cogente
1227 3299 1304 3358 sunt
1327 3299 1416 3374 ausi;
1438 3299 1477 3360 ol.
1491 3301 1509 3370 S
1525 3301 1575 3362 18.

348 3397 499 3459 Fortasse
534 3398 722 3473 excipienda
755 3400 832 3458 suni
866 3395 929 3456 δύω
964 3396 1047 3468 (coll.
1082 3393 1215 3473 ύδύοον),
1249 3396 1318 3472 φύω
1352 3399 1434 3470 (boll.
1471 3398 1578 3477 φύτύν,

303 3499 414 3576 φύσις),
433 3497 520 3578 vindo
541 3501 623 3572 (coll.
644 3497 764 3578 τ’)ττύτω),
781 3499 886 3577 μεθύω
911 3500 993 3571 (coll.
1018 3495 1120 3578 μέθύ),
1141 3514 1279 3574 quorum
1304 3501 1449 3562 vocalem
1469 3502 1576 3578 primi·

303 3605 358 3663 tus
377 3618 490 3665 revera
508 3604 639 3665 brevem
653 3604 753 3665 luisse
776 3603 805 3664 al
825 3603 898 3678 quis
921 3619 996 3665 cum
1021 3602 1168 3664 schulzio
1191 3602 1318 3681 statuit,
1343 3603 1493 3678 equidem
1514 3621 1576 3666 non

304 3707 465 3769 intercedo
479 3712 510 3780 1).
532 3708 630 3769 Recte
651 3709 763 3770 autern
780 3707 866 3768 idem
879 3705 1065 3769 observavit
1076 3705 1275 3781 segreganda
1286 3721 1359 3767 esse
1372 3707 1471 3768 verba
1482 3723 1576 3781 quae·

303 3809 388 3888 darn,
413 3825 548 3884 quorum
570 3811 669 3886 stirps
687 3810 848 3872 clauditur
866 3809 1029 3871 elemento
1040 3808 1161 3884 οἰροιοι
1176 3803 1277 3884 novio,
1300 3802 1363 3884 ὀίω,
1385 3803 1467 3887 χρίω,
1487 3801 1579 3886 ἀλύω,

304 3902 370 3970 θύω
390 3911 474 3989 saro,
498 3909 587 3987 ύφύω
612 3913 702 3983 (item
725 3909 826 3990 teoto
849 3911 938 3972 trotio
962 3913 996 3973 et
1018 3907 1144 3988 μεθύω),
1168 3909 1346 3983 dequibus
1369 3911 1409 3971 cl.
1433 3911 1452 3980 i
1475 3907 1576 3972 286'⁰.

347 4013 489 4088 Denique
525 4015 624 4076 verba
655 4015 819 4091 nonnulla,
851 4029 934 4088 quae
969 4013 1065 4074 modo
1096 4012 1129 4072 in
1159 4010 1209 4071 -iu
1240 4007 1299 4071 -ύω
1330 4013 1426 4073 modo
1453 4013 1485 4072 in
1508 4009 1577 4073 -tva

304 4106 380 4174 -ύνω
402 4117 533 4192 exeunt,
553 4115 658 4178 denuo
678 4117 730 4178 hic
750 4118 827 4178 sunt
847 4115 1148 4177 commemoranda:
1173 4107 1349 4188 τίω-τίνος
1372 4115 1445 4190 165,
1465 4110 1578 4192 ἀρτύω-

303 4208 419 4295 &privor
442 4217 461 4287 ἓ
481 4218 555 4294 285,
576 4209 797 4276 letto-lnior,
821 4219 839 4287 ἓ
862 4219 936 4294 263,
961 4205 1243 4295 acptum-modiano
1264 4213 1342 4275 Hes·
1363 4215 1480 4289 Theop.
1501 4216 1576 4291 853,

304 4319 338 4376 et
355 4319 485 4378 mutata
503 4316 736 4390 significatione
760 4316 839 4377 idda
864 4318 1025 4379 intransit.
1050 4308 1182 4376 -ἰθύνω
1202 4315 1341 4392 transit,
1364 4312 1426 4375 δύω
1449 4318 1576 4377 transit.

304 4409 400 4476 -ύύνω
418 4417 598 4490 intransit.;
624 4418 738 4477 eadem
762 4417 1026 4479 conformationis
1045 4417 1194 4477 libertate
1221 4415 1324 4475 utitur
1353 4416 1486 4476 verbum
1507 4408 1577 4475 θύω

304 4515 375 4576 slve
398 4508 487 4575 θύιω
506 4515 590 4589 suro.

339 4757 358 4826 ¹)
375 4761 457 4810 iletre
481 4763 619 4808 excavatur
645 4761 727 4809 torma
751 4761 933 4822 τωτωύοτμύιοιο
958 4760 983 4808 Ιι.
1001 4761 1079 4810 llere.
1100 4760 1155 4822 iili,
1180 4759 1203 4808 si
1226 4758 1441 4822 praepositionem
1465 4771 1480 4806 ι
1499 4759 1578 4808 verbo

301 4840 468 4902 soiungiruus,
485 4840 536 4888 vid.
554 4841 568 4899 ς
587 4842 626 4888 ai.
645 4843 805 4902 Quamquam
823 4842 941 4889 vetusius
958 4843 1036 4902 poeta
1055 4834 1224 4896 τωτωύύτωιτως
1240 4839 1363 4890 dicineus
1381 4841 1473 4888 iuerat.
1576 4877 1577 4882 ,
