3952 5700
372 761 390 830 5
412 761 466 830 21]
984 761 1026 822 93

373 944 500 1006 videtur
523 948 561 1019 1);
593 944 769 1020 positivum
800 960 926 1021 quoque
956 943 1045 1026 lepte
1076 947 1290 1010 diducendum
1322 965 1405 1027 esse,
1429 950 1638 1012 Homericam

372 1047 459 1109 enirn
493 1045 644 1108 adiectivi
678 1047 817 1108 formam
852 1063 924 1109 esse
958 1047 1071 1129 λᾰερός,
1105 1065 1125 1110 a
1154 1051 1260 1112 radice
1286 1053 1343 1111 leo
1366 1047 1540 1126 (ἀπολαύω),
1564 1051 1638 1112 hino

372 1149 519 1226 eflicitur,
554 1164 657 1222 neque
690 1152 834 1211 metrum
870 1151 978 1212 obstat
1013 1151 1186 1225 quominus
1216 1154 1369 1229 perpetuo
1400 1153 1448 1214 ita
1479 1153 1639 1215 scribatur

373 1254 409 1322 (P
429 1253 491 1311 572
517 1253 628 1313 Tale
651 1276 673 1329 p
696 1253 759 1314 283
783 1253 798 1325 ξ
823 1254 907 1323 408).
934 1253 978 1314 cf.
1004 1253 1021 1323 i
1048 1254 1120 1315 139.

415 1450 508 1534 ilai.
535 1455 628 1516 Motri
654 1471 754 1516 causa
784 1471 840 1531 pro
871 1455 967 1530 longa
998 1456 1135 1518 habetur
1166 1457 1292 1531 syllaba
1314 1458 1449 1520 initialis
1470 1459 1637 1522 vocabulo·

371 1569 454 1629 rum,
489 1570 572 1628 quae
604 1555 761 1631 incipiunt
794 1571 814 1616 a
844 1555 947 1617 tribus
977 1556 1113 1631 syllabis
1144 1557 1296 1618 brevibus
1325 1561 1481 1633 sequente
1511 1559 1637 1635 syllaba

371 1671 453 1730 quae
475 1657 545 1717 sive
568 1658 685 1718 natura
708 1657 778 1717 sive
800 1656 959 1733 positione
984 1657 1080 1734 longa
1104 1660 1156 1720 est
1181 1655 1214 1730 ²).

416 1757 582 1820 ldetricem
612 1760 694 1820 hanc
722 1759 896 1834 licentiam,
921 1760 1014 1821 cuius
1037 1761 1199 1836 permulta
1220 1761 1254 1822 iu
1278 1762 1416 1824 dictione
1439 1762 1530 1838 eplca
1552 1779 1637 1839 repe·

371 1860 498 1919 riuntur
530 1861 691 1935 exempla,
726 1862 837 1920 textus
871 1860 1011 1921 traditus
1044 1861 1078 1922 in
1112 1862 1306 1934 quibusdam
1339 1863 1505 1925 vocabulis
1536 1865 1638 1926 oculis

372 1961 522 2036 ostendit,
553 1961 585 2020 in
617 1959 690 2020 aliis
720 1959 767 2019 ita
798 1959 999 2020 oblitteravit
1029 1963 1067 2021 ut
1096 1962 1251 2023 lectorem
1282 1963 1377 2023 facile
1400 1965 1503 2037 possit
1525 1965 1636 2026 latero.

371 2058 550 2120 Verborum
584 2051 766 2119 ἅπονὲεσθαι
799 2060 832 2120 et
866 2049 999 2131 ἐπίτονος
1033 2075 1116 2134 quae
1146 2061 1191 2121 sit
1219 2063 1302 2123 ratio
1333 2078 1429 2123 nemo
1452 2078 1516 2125 non
1539 2063 1638 2140 videt,

371 2159 428 2220 sed
451 2161 559 2221 minus
583 2160 695 2236 aperta
717 2161 769 2221 est
792 2160 888 2221 metri
910 2161 1090 2222 necessitas
1114 2162 1146 2222 in
1171 2162 1304 2223 vocibus
1325 2159 1470 2242 ἠνεμόεις,
1487 2162 1640 2244 εἰλάτινος,

370 2259 595 2340 πουλυβότειρα,
626 2279 705 2324 nam
736 2264 853 2324 narum
884 2278 1010 2336 quoque
1041 2263 1185 2339 syllabas
1215 2264 1358 2326 initiales
1387 2280 1501 2327 rovere
1523 2265 1639 2329 breves

371 2378 443 2425 osse
466 2365 650 2426 accuratius
673 2366 805 2428 demum
825 2380 895 2426 rem
914 2365 1121 2440 perpendenti
1141 2367 1283 2442 apparet.
1304 2365 1378 2427 Una
1388 2368 1500 2428 tamen
1512 2369 1637 2430 eadem·

371 2479 432 2537 que
455 2464 525 2539 lege
550 2467 583 2527 et
604 2467 684 2529 haec
707 2469 740 2530 et
761 2467 826 2528 alia
847 2465 1009 2542 permulta
1031 2468 1194 2529 tenentur.
1219 2468 1417 2544 Quapropter
1439 2470 1532 2530 unice
1551 2472 1638 2531 recte

372 2565 522 2626 scribitur
544 2558 688 2644 ἀνεμόεις,
711 2557 851 2643 ἔλάτινος,
873 2565 1079 2650 ῃῦλυβότειρα.
1101 2568 1168 2628 Nos
1192 2582 1274 2640 quae
1298 2568 1361 2629 huc
1380 2569 1543 2642 pertinent
1562 2585 1637 2630 oum

372 2667 529 2741 corrigere
563 2666 722 2728 vellemus
752 2667 879 2743 cuncta,
910 2681 930 2726 a
956 2667 1067 2728 littera
1088 2691 1123 2746 p
1142 2670 1254 2729 tamen
1278 2683 1396 2728 manus
1419 2669 1638 2730 abstinuimus

370 2768 582 2842 quantumvis
611 2768 715 2846 inviti,
747 2769 810 2830 rid.
843 2785 914 2846 pag.
947 2771 1007 2844 39;
1039 2770 1096 2832 sed
1125 2784 1182 2846 pro
1205 2791 1242 2829 ec·
1270 2771 1423 2846 perpetuo
1446 2792 1474 2830 ε-
1496 2771 1636 2832 restitui·

372 2872 455 2946 mus,
480 2872 514 2931 et
532 2892 563 2931 o·
585 2885 642 2947 pro
665 2894 716 2932 oo·
740 2872 792 2933 vel
814 2893 860 2931 oa.

415 2973 544 3036 vocalis
567 2977 599 3033 d·
621 2973 795 3049 productae
819 2973 969 3048 exempla
991 2974 1085 3034 sunt:

418 3077 447 3145 1)
482 3063 644 3152 differitas,
677 3077 836 3152 ᾶκᾶματος,
869 3063 1022 3153 &mildace
1057 3075 1134 3135 Hes.
1166 3074 1259 3149 Oper.
1295 3076 1347 3150 20,
1379 3067 1494 3153 ἆφᾶσίη
1526 3080 1634 3139 Ρ695

371 3172 476 3251 erui,
499 3163 637 3246 bliaoff)
655 3196 674 3234 κ
686 3175 762 3252 493,
785 3167 928 3251 ἀνέφελος
948 3176 964 3247 ζ
982 3177 1024 3236 45
1044 3175 1077 3252 ²),
1099 3167 1241 3254 dflfdzot
1260 3175 1294 3235 N
1312 3177 1351 3238 41
1375 3176 1474 3249 (codd.
1495 3175 1635 3258 attexat),

406 3393 424 3460 ¹)
441 3398 505 3444 Item
523 3397 589 3454 aliis,
606 3407 671 3456 quos
688 3395 746 3444 ride
764 3395 832 3456 apud
850 3395 960 3443 schulze
976 3395 1080 3452 Quasst.
1098 3396 1145 3456 lep.
1163 3409 1189 3458 p.
1208 3398 1248 3445 td.

403 3471 425 3540 ¹)
442 3477 512 3524 Inter
526 3489 611 3532 voces,
627 3489 692 3535 quae
709 3475 758 3523 irco
779 3476 835 3523 loco
852 3477 1001 3532 tractantur,
1018 3477 1156 3524 nonnullae
1172 3477 1233 3524 auat
1250 3487 1315 3536 quas
1331 3488 1382 3523 non
1399 3476 1541 3538 producere
1559 3477 1637 3536 sylia-

371 3555 429 3602 bam
454 3556 566 3616 brevem,
592 3556 638 3604 sed
660 3556 781 3602 intactam
804 3567 907 3603 serrare
928 3556 1053 3614 syllabam
1077 3569 1144 3615 quae
1161 3557 1224 3604 alias
1240 3557 1266 3602 in
1284 3556 1372 3616 lingua
1389 3557 1525 3604 Homerica
1543 3557 1637 3617 corripi

370 3635 459 3692 soleat,
476 3635 621 3697 suspicetur
638 3635 773 3696 quispiam.
792 3634 915 3694 Exemplo
932 3636 984 3682 sint
998 3631 1105 3698 Πρΐαμος
1118 3637 1145 3684 et
1159 3637 1303 3701 Πριαμίδηςι
1320 3637 1430 3696 longana
1444 3639 1500 3684 erat
1517 3637 1638 3698 primitus

369 3711 467 3772 syllaba
483 3719 540 3776 Πρι-
556 3728 588 3761 an
606 3714 707 3762 brevis?
722 3713 796 3770 Quod
814 3715 859 3773 qni
876 3716 950 3774 rogat
966 3714 988 3760 si
1001 3713 1067 3761 scire
1085 3715 1157 3775 eupit
1173 3728 1298 3776 quasnam
1316 3715 1395 3763 huius
1411 3715 1637 3775 syllabasquanli·

369 3794 409 3838 tas
427 3791 503 3838 luerit
520 3806 583 3839 aero
599 3782 803 3852 antchomsrico,'
812 3792 997 3851 respondemus
1010 3806 1056 3839 nos
1072 3792 1098 3839 ld
1110 3794 1222 3848 nescire;
1238 3795 1371 3854 silonssam
1381 3793 1443 3840 olim
1455 3793 1638 3840 inissecollata

369 3871 471 3918 Aeolica
485 3870 562 3918 nnius
577 3871 687 3918 nominis
702 3872 782 3918 forma
796 3870 1064 3936 nippepopconlendit,
1078 3885 1128 3918 nou
1145 3871 1321 3931 obloquemur3
1331 3873 1364 3919 de
1373 3873 1455 3932 ipsias
1464 3884 1525 3919 roro
1533 3873 1638 3920 Homeri

368 3951 456 4012 lingue
480 3951 697 4011 interrogantibus
721 3951 836 3998 villemar
859 3952 985 3998 aillrmaro
1002 3965 1079 4012 poseo
1100 3949 1187 3998 brebem
1204 3955 1265 3999 tratre
1284 3953 1407 4013 temporis
1425 3951 1512 3999 luisse.
1530 3953 1593 3999 Nam
1616 3953 1638 3999 si

369 4033 444 4094 ionga
461 4034 553 4081 luisset
569 4031 610 4080 sel
628 4045 731 4094 anceps,
748 4031 812 4079 nibil
829 4031 948 4078 obstabat
965 4031 1101 4090 quominus
1118 4032 1144 4078 iu
1162 4033 1213 4079 arsi
1230 4031 1273 4080 bic
1291 4033 1344 4080 illio
1368 4032 1537 4079 collocaretur
1552 4032 1635 4092 prima

368 4113 465 4172 syllaba
482 4113 592 4160 nominis
608 4111 712 4170 Priami,
729 4112 803 4160 cuius
820 4112 991 4160 nominativus
1009 4115 1036 4160 et
1052 4113 1214 4161 accusativus
1232 4113 1268 4160 ita
1286 4113 1328 4160 sel
1352 4111 1454 4160 facilins
1476 4114 1558 4160 metro
1575 4111 1635 4158 dac·

370 4195 445 4253 tylico
470 4194 548 4241 inseri
573 4193 729 4254 potuisseut;
753 4195 781 4238 at
803 4192 902 4240 nonnisi
926 4193 951 4240 in
967 4193 1034 4240 thesi
1052 4194 1192 4254 comparet,
1211 4193 1280 4240 ands
1299 4192 1474 4253 intellegimus
1491 4193 1593 4251 poetam
1611 4190 1636 4238 in

369 4275 420 4321 arsi
437 4274 562 4322 collocare
579 4273 692 4321 noluisse
709 4270 835 4331 syllabam
856 4277 913 4336 Πρι-
931 4271 979 4320 nisi
997 4274 1080 4320 metro
1097 4276 1228 4330 coactum
1253 4272 1362 4332 cogabat
1379 4274 1465 4319 aulem
1480 4264 1592 4318 'metrum
1610 4271 1636 4317 in

370 4355 552 4415 patronymico,
569 4366 619 4400 non
637 4353 746 4413 cogebat
762 4352 787 4400 in
805 4353 908 4400 nornine
925 4352 1036 4413 proprio.

402 4433 459 4480 uait
485 4432 705 4492 argumentatione
730 4432 832 4492 singula
851 4431 976 4480 vocabula
998 4445 1065 4490 quae
1081 4432 1132 4479 hue
1155 4431 1286 4491 pertinent
1302 4431 1364 4476 aunt
1380 4428 1547 4484 dimicandu
1566 4431 1593 4477 et
1610 4428 1636 4475 in

370 4513 446 4572 longe
470 4512 588 4573 plurimis
610 4515 709 4560 oertnm
731 4513 827 4559 exitum
843 4511 923 4559 habet
939 4511 1003 4559 haec
1020 4511 1145 4572 quaestio,
1162 4510 1195 4558 cle
1212 4509 1368 4570 quibusdam
1389 4511 1476 4557 tamen
1496 4521 1569 4556 sunm
1587 4507 1637 4555 sibi

370 4593 479 4654 quisque
495 4593 641 4653 opinionem
657 4590 782 4646 servabit3
800 4589 851 4638 vid.
869 4603 936 4650 qnae
952 4590 984 4640 de
1002 4591 1117 4651 epitheto
1133 4582 1262 4650 irootyacce
1278 4589 1470 4638 observavimus
1486 4590 1512 4636 in
1530 4589 1545 4648 5
1564 4591 1604 4635 88.

403 4669 424 4730 ³)
440 4673 524 4719 Etiam
555 4669 713 4731 duplicatum
740 4687 752 4716 v
777 4669 881 4717 delendi
907 4671 1005 4730 polest:
1031 4670 1152 4732 antestes
1173 4665 1221 4732 (ita
1243 4668 1337 4728 ooddl,
1357 4668 1393 4715 ita
1410 4672 1440 4716 ut
1456 4669 1488 4716 ad
1505 4669 1520 4728 fi
1539 4669 1570 4716 27
1587 4667 1637 4715 hoo

370 4751 522 4800 adiectirum
541 4751 675 4812 pertineat.

403 4831 568 4892 Reliquorum
598 4843 659 4877 sero
690 4829 822 4876 nominum
847 4829 880 4875 ab
909 4829 986 4889 alpha
1016 4829 1141 4888 privativo
1168 4829 1332 4887 metientium,
1358 4840 1425 4887 quse
1449 4827 1526 4875 modo
1551 4827 1637 4874 attull-

371 4923 437 4972 mue‚
462 4910 585 4971 syllabam
613 4908 736 4958 initialem
763 4921 812 4956 non
838 4907 957 4956 libertate
981 4909 1081 4968 poetica
1104 4908 1151 4956 sed
1177 4909 1303 4970 positione
1322 4907 1474 4967 productam
1491 4919 1557 4966 ease,
1581 4907 1637 4952 orta
