3842 5690
952 707 1015 766 140
1514 706 1543 775 [ἓ
1566 704 1608 763 40

347 893 425 956 iliud
450 909 514 955 vau
536 895 767 955 resuscitarent
789 896 822 954 et
845 894 959 954 eooiuoe
982 893 1033 955 vol
1053 911 1097 954 roo
1117 893 1259 954 dicerent
1279 893 1385 968 potius
1408 907 1506 966 quam
1524 894 1609 952 oinos

348 998 381 1057 et
410 997 491 1068 (hiet
522 997 667 1059 Minusne
698 999 776 1059 haec
807 999 968 1060 venusta?
999 1012 1040 1057 an
1071 998 1174 1058 metro
1205 997 1313 1056 minus
1344 997 1444 1071 apta?
1468 1031 1508 1038 -
1534 995 1622 1056 Plus

348 1099 502 1162 dicimus:
535 1102 647 1174 poetae
677 1101 768 1176 epici,
789 1102 843 1174 qui
867 1115 940 1176 non,
964 1102 1001 1160 ut
1022 1099 1226 1172 grammatici
1250 1098 1402 1174 hodierni,
1426 1098 1608 1159 scrutaban-

347 1204 401 1261 tur
431 1201 558 1275 linguae
589 1217 723 1276 graecee
754 1203 847 1264 initia
879 1203 1098 1264 vicinorumve
1122 1202 1310 1276 populorum
1334 1201 1462 1275 linguas
1485 1217 1608 1276 compa·

346 1303 471 1379 rabant,
501 1319 542 1363 ue
569 1305 652 1365 scire
673 1305 804 1377 quidem
827 1307 977 1380 poterant
1000 1304 1070 1364 voci
1094 1303 1177 1363 atnoe
1200 1301 1370 1375 aliquando
1392 1303 1609 1375 praemissum

346 1403 448 1464 fuisse
470 1419 588 1464 sonum
610 1421 649 1482 w,
672 1407 701 1466 si
724 1406 851 1481 spirans
873 1406 930 1467 iiia
953 1405 1086 1466 initialis
1109 1421 1151 1466 ex
1174 1420 1234 1465 usu
1258 1403 1443 1477 quotidiano
1462 1403 1607 1464 evanuis-

347 1507 406 1568 sct.
439 1507 552 1580 itaquo
575 1507 713 1570 facetius
735 1523 834 1582 qutun
858 1511 966 1570 verius
990 1509 1110 1569 dictum
1135 1511 1187 1569 ost
1213 1507 1396 1584 „digamma
1419 1506 1451 1565 in
1477 1506 1609 1567 Homeri

349 1609 478 1684 ,lingue
518 1624 581 1670 non
617 1625 730 1671 verum
765 1627 836 1671 csse
870 1627 986 1672 sonum
1018 1611 1074 1671 sed
1109 1611 1179 1669 soni
1210 1609 1371 1684 umbram,
1402 1609 1486 1668 circa
1516 1609 1609 1669 sedes

349 1725 449 1784 ,quas
478 1710 557 1771 olim
587 1712 717 1772 tenebat
747 1714 820 1786 post
851 1715 990 1773 mortem
1021 1711 1245 1772 oberrantem”
1274 1707 1305 1779 ¹).
1337 1711 1442 1770 Immo
1474 1711 1608 1783 vegetus

346 1812 379 1870 et
401 1811 652 1873 florentissimus
683 1813 815 1873 Homeri
846 1815 990 1886 ternpore
1013 1814 1083 1873 erat
1106 1813 1157 1872 hic
1181 1826 1289 1886 sonus,
1314 1826 1374 1870 nec
1397 1808 1607 1870 dubitandum

345 1912 397 1971 est
419 1911 496 1984 quin
519 1912 552 1971 in
583 1912 653 1972 eius
681 1914 785 1988 patria
808 1914 932 1988 puemh
955 1929 1011 1989 per
1033 1913 1158 1988 plateas
1181 1911 1329 1972 ludentes
1351 1909 1487 1970 sevasto
1511 1925 1608 1971 suum

345 2012 407 2073 sibi
430 2013 595 2090 elegerint,
621 2015 769 2076 sitientes
792 2015 940 2077 homines
962 2017 1071 2075 iotvov
1093 2015 1305 2090 poposcerint,
1327 2015 1409 2075 tardi
1430 2015 1467 2074 ut
1485 2011 1608 2072 fetanda

344 2113 486 2175 redirent
507 2116 692 2190 compellati
716 2117 844 2178 fuerint.

390 2215 491 2276 Multo
523 2217 704 2290 graviorem
731 2219 880 2279 ducimus
911 2233 1051 2279 errorem
1080 2233 1190 2278 eorum
1215 2217 1269 2291 qui
1292 2220 1409 2290 putant
1430 2219 1608 2292 spirantem

344 2314 367 2374 f
402 2331 505 2389 neque
539 2317 572 2378 in
605 2319 716 2393 lingua
745 2322 913 2393 poetarum
944 2320 1107 2394 epicorum
1137 2319 1258 2379 vixisse
1282 2334 1385 2392 neque
1408 2320 1440 2379 in
1464 2320 1609 2380 carmina

345 2416 385 2476 ab
415 2417 456 2477 iis
486 2419 650 2494 receptam
680 2435 763 2496 esse,
787 2421 843 2480 sed
866 2420 1031 2496 vocabula,
1055 2433 1137 2494 quae
1165 2419 1320 2492 digammi
1344 2421 1482 2493 vestigia
1504 2423 1608 2480 osten·

345 2519 435 2596 dunt,
469 2519 516 2580 ita
549 2536 569 2582 a
599 2522 703 2597 poetis
733 2537 806 2583 esse
837 2522 947 2583 habita
976 2522 1069 2594 quasi
1101 2536 1275 2582 consonam
1299 2520 1400 2597 illam,
1424 2537 1507 2594 quoa
1529 2521 1606 2580 olim

345 2621 557 2700 adhaesisset,
592 2625 696 2685 adhuc
726 2625 894 2685 servarent
924 2625 1090 2684 intactam.
1115 2623 1203 2683 Haec
1232 2623 1337 2697 opinio
1359 2624 1518 2696 quomodo
1541 2623 1607 2682 tan·

344 2722 419 2784 dem
442 2725 532 2786 nasci
554 2727 658 2801 possit
680 2727 712 2787 in
736 2728 845 2787 mente
870 2727 939 2804 viri,
963 2727 1017 2800 qui
1041 2726 1220 2787 Homerum
1243 2741 1339 2786 suurn
1363 2727 1453 2786 amet
1471 2726 1504 2785 et
1520 2739 1605 2798 mag·

342 2826 393 2886 nis
412 2828 515 2901 poetis
540 2830 669 2889 vetusta
692 2829 748 2889 illa
771 2829 915 2889 carmina
939 2829 1046 2890 deberi
1069 2828 1251 2904 arbitretur,
1276 2843 1335 2889 nos
1360 2828 1489 2900 quidem
1513 2827 1604 2900 fugit.

343 2927 499 2987 Attamen
522 2931 600 2989 sunt
623 2931 819 3004 etiamnunc,
843 2932 920 2990 aunt
944 2931 1028 2990 inter
1043 2929 1284 2989 recentissimos
1303 2929 1436 2988 Homeri
1457 2928 1605 3002 editores,

343 3027 404 3087 viri
437 3029 521 3088 docti
556 3029 696 3105 proiecto
730 3033 764 3090 et
797 3031 894 3106 acuti,
929 3031 984 3103 qui
1014 3030 1061 3089 ita
1090 3030 1233 3104 censent,
1265 3029 1399 3102 ideoque
1423 3030 1607 3103 vituperant

343 3129 513 3189 conamina
535 3145 647 3190 eorum
671 3132 724 3204 qui
749 3131 914 3204 digamma
939 3132 1116 3206 ,quantum
1141 3130 1236 3190 licet”
1268 3130 1300 3188 in
1324 3130 1521 3189 carminibus
1545 3129 1604 3189 Ho-

342 3230 472 3291 mericis
505 3232 695 3292 restitutum
726 3235 813 3292 eunt.
838 3231 951 3291 Verbis
976 3232 1096 3306 apertis
1118 3231 1201 3292 hanc
1225 3232 1422 3290 sententiam
1447 3231 1607 3305 expressit

343 3330 462 3391 Paulus
486 3332 587 3393 Oauer
609 3347 692 3393 auno
714 3333 798 3394 1889
819 3329 858 3402 ²):
883 3335 952 3408 ,die
972 3333 1123 3407 epischen
1143 3331 1298 3408 Geshnge,
1318 3332 1415 3391 deren
1435 3331 1605 3392 abschiies·

346 3433 463 3507 ,sende
497 3432 674 3494 Redaktion
710 3434 742 3494 in
774 3449 908 3494 unserer
939 3435 1016 3494 Ilias
1047 3435 1111 3494 und
1143 3433 1285 3507 Odyssea
1309 3432 1454 3508 vorliegt,
1478 3433 1551 3492 sind
1573 3433 1606 3492 in

345 3534 453 3608 ,einer
486 3533 634 3596 Mundart
663 3536 834 3612 gedichtet,
864 3535 914 3595 die
938 3536 999 3595 den
1021 3535 1105 3595 Laut
1127 3535 1184 3594 des
1206 3533 1229 3591 i
1253 3534 1343 3594 nicht
1365 3533 1458 3593 mehr
1480 3534 1603 3594 besass.

346 3634 422 3708 ,Die
453 3635 574 3708 Sanger
604 3635 706 3695 selbst
733 3637 878 3695 wussten
910 3636 999 3695 nicht
1030 3637 1131 3710 mehr,
1164 3650 1287 3694 warum
1316 3634 1363 3694 sie
1387 3631 1446 3692 ἀπὸ
1470 3631 1511 3709 io,
1532 3631 1605 3712 μέγα

345 3731 465 3811 Ἰἰάχων,
486 3732 572 3806 τόξον
595 3726 663 3792 οἶδα
686 3734 809 3810 sagien,
831 3749 955 3795 warum
976 3735 1022 3795 sie
1042 3735 1104 3794 den
1123 3734 1242 3794 Hiatus
1261 3749 1319 3794 vor
1338 3735 1496 3808 gewissen
1517 3735 1603 3795 War-

346 3835 419 3909 ,ten
453 3835 523 3895 sich
557 3836 695 3908 gosulion
726 3837 855 3912 liessen,
887 3837 1023 3898 sondern
1047 3837 1094 3898 sie
1118 3838 1334 3911 gebrauchtcn
1358 3837 1444 3897 diese
1470 3837 1605 3896 lusinei-

346 3937 430 4012 ,ten,
465 3937 539 3997 weil
567 3938 615 3998 sie
646 3939 679 3998 in
702 3939 904 4000 zahireichen
936 3939 1162 4000 iormelhaiten
1185 3938 1404 4014 Wendungen,
1427 3939 1460 3998 in
1483 3938 1604 3998 Versen

345 4038 429 4114 ,und
460 4037 694 4116 Versgruppen,
725 4041 776 4102 die
806 4055 883 4100 man
914 4055 974 4100 aus
998 4041 1085 4101 einer
1111 4040 1260 4102 naheren
1283 4039 1414 4100 Periode
1436 4039 1493 4099 der
1515 4037 1605 4099 Dich-

345 4139 445 4214 ,tung
477 4138 709 4201 ubernommen
744 4142 845 4217 hatte,
882 4156 945 4202 voc
979 4141 1089 4202 hiters
1119 4141 1176 4200 her
1211 4139 1395 4201 vortamen.
1428 4140 1505 4200 Wer
1536 4139 1605 4200 also

376 4375 396 4442 ¹)
414 4381 454 4427 Ita
470 4381 571 4428 iocatus
589 4383 629 4428 eat
646 4381 713 4430 sabb
730 4383 757 4429 in
774 4382 825 4429 ritu
842 4381 949 4429 Bentlei.

374 4453 396 4522 ¹)
414 4459 444 4506 In
467 4461 614 4508 recensione
631 4463 734 4510 norim
752 4460 848 4521 Iliadis,
866 4461 981 4508 Beriiuer
994 4460 1180 4521 philologische
1197 4457 1401 4508 Woaherracirrii't
1416 4463 1447 4507 ³0
1462 4461 1523 4508 Nor.
1541 4461 1603 4507 1889

341 4552 367 4598 p.
386 4539 458 4586 luat.
477 4565 508 4574 -
527 4541 556 4586 In
579 4540 667 4588 endem
692 4540 856 4601 ephemerida
876 4541 915 4587 vir
936 4541 1027 4586 doctus
1043 4540 1224 4601 I‘cppmuoiior
1242 4540 1274 4586 do
1290 4542 1348 4600 ipso
1366 4541 1463 4588 Cunaro
1481 4542 1528 4587 hou
1547 4539 1605 4586 iniit

341 4615 464 4666 iudicium
487 4615 530 4683 (11
554 4618 609 4666 Oet
633 4615 722 4682 1890);
750 4619 807 4676 „die
830 4619 1009 4666 Unoiuhorhoit
1026 4631 1075 4666 rou
1094 4619 1188 4666 dauers
1206 4619 1288 4665 Kritiir
1305 4620 1373 4678 aeigt
1389 4620 1445 4666 sich
1461 4619 1545 4678 gioich
1563 4606 1603 4665 boi

342 4695 510 4756 Behandqug
527 4697 573 4744 dee
589 4697 749 4755 nigrans&

375 4773 532 4822 Sententiam
550 4787 622 4822 sunm
640 4775 673 4822 de
690 4775 819 4834 digamma
836 4775 971 4822 Homerico
989 4779 1016 4822 et
1032 4775 1065 4821 de
1083 4778 1136 4823 toto
1153 4775 1197 4821 iilo
1217 4775 1322 4822 Homeri
1339 4776 1460 4822 eeciismo
1480 4775 1524 4837 qui
1541 4773 1603 4822 dioi-

342 4855 383 4902 tur
400 4851 483 4900 iunius
500 4853 619 4915 exposuit
636 4853 718 4904 Oauer
736 4855 760 4900 in
779 4853 876 4917 proleg.
893 4853 966 4900 Itied.
987 4855 1059 4911 teob,
1077 4853 1092 4916 9
1111 4857 1123 4900 1
1143 4855 1210 4916 (pag.
1227 4857 1339 4916 ιιι-ιω).
