3952 5700
333 750 350 819 a
375 751 426 846 ia]
945 757 987 817 aa

379 934 478 997 linito
511 940 612 1001 rarior
648 943 700 1002 oet
730 941 893 1003 vocalium
923 965 944 1020 η
974 945 1008 1004 et
1038 966 1062 1003 ο
1086 945 1118 1005 in
1145 945 1230 1006 thesi
1257 946 1425 1024 correptio,
1457 948 1602 1010 attamen

334 1035 430 1095 huius
452 1052 577 1112 quoque
599 1041 645 1100 rei
667 1043 756 1102 certa
779 1043 940 1114 quaedam
963 1046 1078 1104 extant
1100 1044 1267 1119 exempla:

422 1133 534 1214 ἀργῆτα
560 1140 585 1198 Θ
611 1142 683 1217 133,
707 1138 811 1220 ἀργῆτι
834 1145 864 1200 Γ
883 1145 946 1202 419
971 1164 984 1203 ε
1006 1145 1078 1218 128,
1106 1146 1166 1203 131
1188 1167 1207 1220 η
1228 1145 1291 1204 249
1312 1167 1333 1221 μ
1352 1147 1426 1206 387.
1441 1142 1601 1226 -ἆργέια

470 1236 498 1293 o
523 1239 595 1315 127,
620 1235 717 1318 οργιι.
739 1245 771 1300 A
794 1242 857 1301 a1a
882 1243 914 1302 et
938 1243 959 1302 1.
983 1257 1012 1302 a.
1036 1263 1054 1318 ρ
1078 1244 1152 1304 241.

363 1373 365 1376 -
421 1334 565 1414 -ξηροίνοι
592 1340 620 1397 Φ
645 1340 873 1419 347.-ξερο’ν
896 1362 910 1401 ε
934 1344 1007 1402 402.

423 1436 555 1514 Κύθηρα
580 1440 606 1499 0
629 1441 692 1502 432
717 1463 727 1499 ι
751 1443 793 1500 82
814 1439 992 1522 (Κυθήριος,
1015 1443 1222 1522 Κυθηρόθεν).
1248 1479 1291 1489 -
1317 1441 1467 1525 Κυθέρεια
1489 1450 1514 1506 θ
1537 1448 1601 1507 288

467 1554 485 1596 ο
511 1539 571 1600 193
596 1541 629 1601 ot
650 1541 684 1602 in
706 1542 847 1616 hymnis.

422 1635 560 1719 ἀσκηθής
583 1643 618 1702 Π
639 1645 701 1704 247
727 1640 995 1718 ecc-casotae
1021 1647 1058 1719 (7)
1083 1645 1097 1719 ξ
1124 1649 1198 1723 255,
1222 1648 1261 1725 ci.
1286 1650 1304 1719 5
1330 1651 1381 1710 73.

422 1749 515 1820 γῆρας
528 1777 569 1786 -
582 1743 700 1824 γεραιός
723 1741 818 1826 γέρων
842 1747 903 1808 ete.
1178 1765 1179 1768 ’

422 1842 754 1926 μήδομαι-μέδομοιι,
777 1847 847 1908 vid.
873 1849 890 1918 5
915 1849 989 1910 215.

424 1943 605 2024 civ-etv

425 2043 517 2124 dvi-
531 2047 563 2107 oi

424 2155 517 2227 χῶρος
551 2165 626 2211 cum
659 2150 847 2226 compositis
889 2148 1048 2232 εὖρύχορος
1090 2153 1124 2215 et
1163 2152 1334 2236 καλλίχορος
1373 2155 1423 2229 (cl.
1464 2156 1605 2234 φυσίζοος

468 2252 486 2321 5
517 2254 579 2323 17).

427 2350 624 2430 ido-ddo,
645 2367 673 2413 e.
698 2367 728 2426 g.
752 2373 766 2413 ε
790 2355 853 2415 388
878 2353 941 2415 δύο)
964 2353 1074 2427 νύκτας
1097 2354 1153 2416 δύο
1176 2349 1196 2415 l
1222 2352 1442 2434 ἤρατο-(11.
1467 2361 1484 2432 ἓ
1509 2362 1561 2421 91.

426 2451 635 2526 Διώνυσος-
648 2451 795 2525 Διόνυσος
820 2458 847 2526 [i
872 2457 947 2528 325]
973 2454 1062 2517 etin
1085 2457 1227 2530 hymnis.

425 2552 516 2626 λωτός
528 2588 572 2598 -
584 2553 720 2616 λοτόευτοι
733 2559 770 2627 (i)
796 2559 833 2616 M
856 2558 929 2618 283.

382 2657 554 2718 l³rnataraa
576 2657 616 2718 ci.
640 2658 659 2727 i
683 2657 735 2719 38.

384 2757 455 2817 Non
489 2757 678 2820 infirmitate
712 2759 783 2820 soni
815 2760 872 2821 ead
902 2762 1038 2822 metrica
1067 2763 1262 2824 necessitate
1285 2765 1460 2825 excusatur
1482 2764 1609 2839 syllaba

342 2860 483 2920 secunda
505 2859 656 2922 adiectivi
678 2856 872 2940 ἀλγῖνόεοοαν
895 2863 929 2923 ct
950 2883 1032 2922 -evm
1056 2865 1202 2938 correpta
1223 2865 1308 2939 apud
1334 2865 1466 2927 Hesiod.
1489 2865 1607 2941 Theog.

343 2961 416 3036 214,
453 2962 516 3022 226
547 2977 603 3036 pro
634 2959 841 3041 ἀιγεινόεοοαν
876 2984 968 3040 cm,
995 2964 1059 3024 nisi
1088 2965 1161 3036 quia
1188 2965 1304 3026 collato
1328 2966 1487 3028 adiectiuo
1509 2966 1608 3027 simii-

342 3060 439 3121 limae
458 3063 720 3124 conformationis
740 3059 913 3142 ἀργῖνόευτα
931 3080 1006 3126 cum
1027 3065 1095 3124 viro
1113 3065 1207 3126 docto
1223 3065 1371 3127 Solmsen
1384 3068 1459 3137 (vid.
1473 3067 1609 3128 Sohulza

343 3165 470 3240 Quodsi.
495 3165 581 3239 Epic.
605 3179 634 3238 p.
663 3166 713 3234 10)
736 3166 880 3226 statuere
903 3165 1031 3226 mavult
1054 3166 1197 3227 aradico
1217 3163 1271 3246 diy
1291 3167 1341 3239 (ci.
1361 3165 1506 3247 ἄλγιοιος)
1526 3169 1612 3230 linea

343 3267 430 3326 recta
452 3268 586 3327 ductum
610 3282 683 3327 ease
706 3267 903 3328 adiectivum
926 3261 1107 3346 ἀλγ-ἵιό-εις.

386 3369 470 3429 itam
501 3369 674 3430 Homerica
703 3369 859 3430 uocabula
885 3367 1057 3447 φοινῖιόεις,
1079 3367 1281 3448 panvinianae,
1303 3369 1471 3449 Hocideiccv
1495 3376 1521 3433 Β
1546 3375 1610 3436 000

343 3472 359 3542 ζ
380 3473 454 3547 200,
486 3472 620 3545 urgente
651 3473 755 3533 metro
778 3473 920 3534 adhibila
945 3472 1022 3534 sunt
1044 3488 1101 3549 pro
1124 3471 1286 3550 φοινικόεις
1308 3489 1395 3534 -εοοα
1418 3473 1612 3554 florentiaco,

343 3587 424 3646 quas
446 3573 569 3633 inrmoo
590 3573 695 3647 poscit
717 3574 922 3650 etymologia.

658 1999 794 2073 Longior
817 2000 922 2061 forma
945 2000 1046 2061 etiarn
1069 2001 1103 2061 in
1125 2001 1211 2063 theol
1233 2003 1326 2063 extat
1349 1999 1381 2075 ¹).

347 3837 565 3846 ιι--ι--α--ρ-

379 4038 398 4107 ¹)
414 4039 499 4090 Metro
521 4042 609 4103 potine
632 4055 709 4103 quarn
731 4044 858 4090 cantantia
875 4042 1069 4102 dintinguantur
1085 4044 1112 4090 in
1135 4042 1247 4091 dictione
1264 4043 1337 4105 epioa
1354 4041 1459 4104 pria-pia
1475 4046 1502 4092 et
1517 4044 1567 4102 μιί,
1585 4045 1614 4105 δι)

345 4123 371 4169 et
387 4121 419 4176 di.
441 4135 489 4169 neo
510 4121 618 4169 dubium
640 4121 714 4169 nobie
733 4121 838 4182 quidam
861 4122 963 4170 ridetur
981 4122 1043 4183 quin
1061 4136 1107 4183 pro
1124 4121 1240 4170 eiuedern
1257 4124 1401 4182 particulae
1418 4124 1500 4170 iorma
1516 4123 1613 4184 duplici

344 4202 395 4247 nint
418 4201 565 4256 habendam
589 4202 621 4248 ci.
644 4213 711 4259 quae
734 4213 793 4261 pag.
820 4203 852 4249 uo
868 4204 930 4249 eunt
946 4201 1088 4249 observata.
1106 4201 1141 4249 Ut
1156 4193 1205 4258 μέν
1222 4201 1276 4248 eive
1293 4204 1339 4260 μήν
1356 4202 1382 4248 ln
1399 4202 1442 4260 pia
1458 4202 1524 4249 abiit
1540 4205 1567 4250 et
1583 4197 1613 4250 ni

344 4277 405 4345 (dor)
430 4281 471 4327 vel
497 4280 525 4339 di
550 4280 576 4326 in
601 4279 634 4334 δι’,
657 4280 694 4326 eia
718 4281 809 4328 vocula
832 4281 969 4328 Homerico
992 4284 1039 4340 daia
1056 4275 1082 4345 (3
1103 4275 1164 4345 333)
1184 4279 1210 4326 in
1228 4279 1370 4327 Atticorum
1388 4281 1522 4341 particulis
1539 4282 1614 4341 dion

345 4359 464 4419 dinoot-v
481 4360 601 4418 cuperent
618 4361 745 4418 correpta.

377 4440 415 4487 De
436 4438 563 4500 particula
588 4438 653 4498 dvi-di
677 4438 729 4486 vid.
752 4440 858 4487 llitaeoir
881 4439 913 4486 ad
931 4458 941 4486 ι
960 4439 1017 4496 nie,
1036 4438 1179 4486 'l'lriemnnn
1201 4437 1324 4486 Zeiteclrr.
1341 4438 1359 4485 i.
1387 4439 1563 4498 Gymnnaean
1581 4439 1613 4486 35

345 4533 369 4580 p.
388 4521 436 4567 350
453 4533 510 4579 eqq.
535 4544 568 4554 —
592 4518 620 4566 1r,
645 4519 716 4566 Stolo
738 4519 838 4567 Wiener
863 4517 971 4566 Studien
998 4519 1062 4567 1330
1088 4531 1113 4578 p.
1138 4517 1153 4564 ‘i
1177 4517 1308 4564 contendit
1332 4517 1485 4578 particulam
1508 4519 1537 4579 δι)
1556 4533 1614 4567 eene

344 4599 565 4647 instrumentalem
592 4611 607 4644 n
628 4597 714 4646 radiae
737 4597 765 4645 do
787 4593 887 4663 (ludov,
909 4593 975 4661 den)
998 4596 1104 4644 ductum
1131 4597 1158 4643 et
1183 4609 1242 4643 cum
1259 4597 1306 4656 ὅπη
1329 4597 1378 4642 eto.
1400 4597 1613 4657 comparandum

345 4679 419 4726 alieri
442 4681 529 4726 autem
551 4677 667 4724 libellum
691 4676 765 4724 nobie
789 4678 905 4736 ignotum
929 4675 978 4722 viri
1003 4676 1071 4723 docti
1094 4676 1192 4723 Deiant
1207 4673 1255 4722 ue'o
1272 4675 1384 4722 amerino
1402 4675 1471 4723 delia
1487 4678 1615 4736 particula

345 4757 374 4816 δι)
400 4757 489 4804 'irient
515 4758 579 4804 1330
605 4769 689 4816 progr.
706 4779 741 4790 -·
757 4755 957 4814 Qualieonmqna
982 4757 1069 4802 autem
1093 4753 1237 4814 particulae
1261 4754 1290 4814 δι)
1315 4754 1386 4813 origo
1411 4755 1536 4802 inerit-
1554 4769 1613 4802 narn

344 4833 443 4882 lubrice
469 4835 607 4882 admodum
633 4847 674 4881 ree
700 4836 748 4892 eet,
767 4859 797 4869 —
814 4834 929 4895 potuieee
949 4845 1006 4881 eam
1030 4835 1057 4881 et
1077 4832 1198 4880 debuieee
1219 4833 1274 4880 iere
1296 4831 1445 4882 decrescere
1462 4834 1488 4880 in
1508 4834 1613 4883 brevem

345 4914 470 4975 eyiinbonr
488 4915 513 4962 «it
531 4914 618 4974 negari
637 4915 732 4974 nequit
