3952 5700
397 769 415 836 5
440 769 492 839 13]
1006 765 1062 826 al,

395 953 470 1015 elidi
493 953 576 1014 solet
600 953 632 1030 ¹),
663 952 696 1013 in
719 949 902 1012 Homericis
924 965 1001 1011 vero
1024 950 1094 1011 torn
1121 950 1306 1024 frequenter
1329 951 1502 1026 expellitur
1525 954 1562 1014 ut
1584 954 1666 1017 duae

398 1056 526 1116 tantum
550 1053 683 1116 voouieo
702 1052 771 1132 περί
792 1053 826 1114 et
844 1050 873 1111 τί
891 1055 938 1129 (τι,
958 1048 1049 1123 ditia)
1069 1053 1200 1114 omnino
1219 1051 1370 1114 stabilem
1392 1068 1463 1114 eam
1482 1054 1623 1118 habeant
1633 1055 1667 1128 ¹).

395 1159 527 1233 Singula
548 1173 630 1231 quae
653 1157 716 1218 iruo
735 1155 897 1231 pertinent
918 1169 1109 1217 enumerare
1129 1155 1261 1229 longum
1286 1157 1320 1216 et
1338 1155 1470 1232 inutile;
1489 1173 1566 1233 prae
1584 1163 1666 1222 uete-

395 1260 438 1320 ris
474 1275 549 1320 vero
582 1261 696 1320 notatu
733 1257 819 1332 digni
854 1257 931 1317 eunt
961 1256 1022 1317 looi
1053 1257 1186 1317 Homeri
1217 1257 1333 1328 quibus
1363 1257 1430 1318 iota
1454 1258 1549 1322 iinaie
1572 1263 1667 1322 drriira'

393 1361 563 1434 ainpnlarir
597 1361 742 1436 eliditur;
779 1360 858 1420 bueo
889 1359 977 1420 enirn
1007 1357 1134 1432 syllaba
1165 1358 1198 1418 in
1222 1359 1332 1433 lingua
1355 1359 1445 1434 opica
1469 1365 1520 1422 eet
1542 1381 1665 1440 panope,

395 1462 444 1532 (oi.
468 1463 557 1538 515,
579 1463 597 1532 5
620 1465 671 1538 19,
695 1463 713 1532 5
737 1465 801 1538 65),
829 1464 863 1522 et
885 1461 995 1521 minue
1019 1462 1130 1535 aptam
1154 1460 1253 1534 igitur
1276 1475 1349 1522 earn
1369 1462 1487 1523 dixerit
1506 1465 1666 1539 quispiam

392 1577 473 1636 quae
505 1564 538 1623 in
569 1564 686 1624 umbra
715 1563 861 1637 syllabae
892 1562 1059 1634 sequentis
1082 1562 1261 1622 deliteseat.
1287 1562 1391 1623 Aliter
1412 1565 1522 1625 tamen
1548 1565 1664 1628 iudiea-

393 1668 468 1725 runt
496 1663 558 1740 ipsi
589 1664 713 1741 poetae,
750 1665 804 1738 qui
835 1662 995 1739 syllabam
1023 1660 1155 1725 finalem
1188 1661 1215 1721 -ἲ
1244 1663 1356 1724 eodem
1383 1663 1453 1725 iure
1486 1665 1667 1729 habuerunt

393 1768 487 1840 atoue
510 1786 572 1842 -αι;
597 1767 713 1828 ambae
737 1767 778 1828 ile
800 1766 895 1827 modo
918 1766 1033 1840 longae
1056 1767 1143 1840 eunt,
1164 1766 1259 1826 rnodo
1283 1766 1316 1825 in
1336 1765 1426 1827 hiatu
1448 1769 1663 1845 corripiuntur

393 1869 442 1940 (oi.
466 1871 484 1937 5
511 1870 550 1929 14
582 1870 616 1930 et
649 1871 711 1944 15),
743 1870 838 1930 modo
870 1868 1041 1944 eliduntur,
1065 1883 1169 1940 neque
1197 1867 1302 1928 rarius
1325 1871 1401 1928 ante
1424 1870 1539 1932 breves
1563 1888 1660 1945 quarn

393 1975 466 2030 anie
501 1970 614 2043 longas
648 1969 792 2043 syllabae
826 1970 998 2030 eliduntur.
1034 1969 1074 2029 Et
1107 1970 1147 2030 de
1182 1969 1309 2042 syllaba
1342 1992 1386 2028 -αι
1417 1971 1548 2043 quidem
1580 1975 1663 2034 inira

393 2085 537 2146 agemus,
572 2070 733 2144 syllabam
767 2072 794 2129 -ἲ
824 2086 899 2131 vero
930 2070 1075 2144 potuieee
1107 2069 1182 2130 elidi
1207 2071 1370 2130 testantur
1393 2070 1454 2131 iooi
1478 2076 1662 2151 aequamen,

391 2172 444 2244 oui
469 2172 598 2232 tantum
621 2186 684 2232 non
707 2187 821 2232 omnes
845 2173 938 2232 extra
962 2172 1217 2231 controversiam
1242 2172 1320 2230 eunt
1343 2171 1458 2244 positi:

478 2271 597 2334 ἀσπίδιε
733 2267 833 2332 ἀσπίδ’
867 2271 911 2332 ίνι
946 2256 1074 2356 κρατερῇΙ
1107 2278 1149 2343 (v.
1176 2272 1196 2332 l.
1228 2269 1333 2330 ἀσπίδι
1356 2269 1398 2341 ἓν)
1423 2275 1452 2330 Γ
1471 2273 1535 2332 349
1561 2276 1662 2350 Ρ45;

777 2368 879 2434 ἀσπίδ’
904 2371 1108 2454 ἕνιχριμφθείς
1128 2375 1183 2434 ΑΓ.
1209 2375 1242 2430 Η
1253 2374 1317 2433 272
1338 2370 1452 2444 (ἀσπίδι
1471 2371 1662 2453 ἐγχριμφθείς

779 2475 867 2536 οοδδ.
892 2475 1057 2549 plerique).

477 2572 606 2650 arpaldo:
732 2567 848 2651 κερκίδ’
874 2571 984 2648 ὕφαινε
1009 2594 1021 2632 ε
1047 2577 1099 2634 62.

478 2671 557 2732 δαιτί
565 2690 572 2734 :
733 2667 812 2731 δαίθ’
840 2671 886 2732 dte
910 2675 937 2730 Δ
962 2673 1036 2732 259.

479 2771 600 2834 Λῖαντιε
730 2767 839 2833 Αἴανθ’
865 2771 1010 2854 ὑψίζυγος
1034 2777 1065 2832 Λ
1089 2774 1171 2850 544;
1196 2767 1308 2833 Αἴανθ’
1332 2767 1365 2845 ’δς
1391 2771 1519 2853 βελίεσσι
1542 2779 1573 2835 Λ
1597 2779 1661 2839 589

778 2875 918 2949 (Αἴαντος
941 2876 1079 2948 26110111.

478 2973 612 3055 δαμίντιῑ
732 2972 847 3057 δαμέντ’
872 2983 1000 3058 Ἀχιλῆος
1027 2982 1059 3038 ii
1080 2981 1155 3041 854.

477 3077 610 3142 tidem:
733 3077 845 3142 itodvr'
870 3076 944 3141 ἀλλὰ
967 3081 987 3159 β
1012 3083 1085 3142 250.

476 3181 676 3245 foederetur:
731 3177 907 3243 ίανοίοσονδ
934 3185 1084 3264 Ἀργείοισι
1104 3207 1119 3244 o
1142 3185 1288 3256 atomio
1307 3187 1419 3246 tamen
1439 3187 1576 3249 fortusse
1593 3210 1661 3248 ·ντα

774 3285 918 3360 intellegi
945 3286 1047 3347 voluit
1069 3289 1186 3362 poete).

476 3383 581 3464 ἤματιι
730 3381 814 3466 ἤματ’
841 3383 978 3470 ὀπωρινῷ
1004 3389 1035 3446 Π
1058 3389 1133 3449 385.

478 3487 597 3565 ἴθματιτ
648 3541 651 3550 .
730 3483 837 3566 ἴθμαθ’
875 3485 975 3566 δμοῖαι
1004 3493 1033 3549 Ε
1070 3490 1133 3551 778
1164 3490 1314 3561 (dubitari
1345 3490 1452 3566 potest
1469 3504 1516 3549 ¹aii
1540 3488 1654 3568 ίθματα

775 3590 943 3667 pluralem,
967 3591 1090 3652 dederit
1109 3593 1222 3667 poeta;
1247 3592 1299 3652 est
1319 3607 1381 3652 vox
1402 3588 1480 3663 ἅπαξ
1500 3589 1661 3671 εἰρημένη).

477 3687 595 3768 bovello:
731 3700 770 3773 τῷ
794 3685 889 3770 ὄρννδ
912 3687 1052 3763 Ὀδυσεύς
1076 3693 1104 3750 i(
1125 3693 1200 3752 277.

476 3790 609 3871 peiorare:
731 3785 842 3871 μάστιγ’
876 3787 939 3851 αἰὲν
970 3789 1075 3852 {luove
1109 3795 1143 3851 Ψ
1164 3793 1228 3852 500
1252 3793 1352 3864 (codd.
1384 3793 1501 3873 μάστῖγι
1524 3789 1568 3872 δ’,
1590 3795 1660 3872 poio·

774 3897 839 3973 τιρα
860 3888 904 3971 δ’,
924 3893 1010 3972 μάστι
1032 3886 1077 3969 δ’,
1095 3894 1183 3954 maie
1204 3895 1323 3970 omnia,
1344 3895 1383 3956 oi.
1396 3893 1522 3976 μάστιγα
1534 3911 1582 3957 ve.
1597 3897 1661 3957 510

778 3998 812 4058 et
834 3997 897 4059 rid.
923 3997 1026 4068 inira).

476 4095 599 4176 κὴροκιε
730 4092 832 4179 κήρυκ’
855 4093 1003 4183 Ἠπυτίδῃ
1028 4101 1053 4158 P
1073 4100 1147 4161 324.

478 4194 596 4276 αὐχένιε
732 4197 765 4260 io
786 4197 881 4281 αδχίί
909 4198 1016 4262 ὄπισθε
1041 4204 1075 4262 Ν
1097 4204 1172 4263 289.

476 4297 558 4361 deal:
730 4296 790 4362 θίν’
816 4299 882 4374 ἕνα)
905 4301 1058 4378 φυκιόεντι
1085 4307 1121 4362 Ψ
1141 4305 1216 4365 603.

480 4400 680 4464 Ποσειδάωνος
733 4397 915 4464 Ποσειδάων’
941 4399 1012 4464 οὐδὲ
1036 4403 1068 4461 Ω
1092 4404 1144 4464 26.

477 4499 589 4584 ἆοτίριε
730 4501 821 4587 ἀστέρ’
847 4500 985 4590 ὀπωρινῷ
1011 4507 1038 4564 E
1063 4507 1093 4568 5.

423 4774 440 4834 'i
459 4777 666 4840 Pmepoeiiionee
694 4780 762 4829 enirn
789 4777 839 4847 (iai
862 4783 914 4829 dni
929 4777 1001 4845 ἀμφί)
1025 4780 1109 4828 minue
1126 4779 1177 4827 buo
1192 4779 1330 4840 pertinent,
1346 4776 1398 4824 vid.
1416 4791 1482 4838 quae
1500 4789 1558 4838 pag.
1576 4776 1608 4824 tt
1626 4775 1659 4824 de

386 4869 488 4921 apocope
503 4857 703 4908 observavimus„
1424 4877 1425 4880 ¹

420 4933 498 5002 ⁷)1ie
516 4939 705 5000 praepositione
722 4944 776 5007 arpi
792 4941 825 4988 oi.
843 4940 858 5000 5
878 4941 935 5000 eiu,
951 4939 984 4987 de
1000 4939 1035 4987 du
1053 4938 1104 4987 viri.
1122 4938 1136 4998 5
1158 4941 1214 4987 roo.
