3848 5688
969 725 1010 784 52
1526 724 1554 792 [9
1581 724 1620 782 10

354 931 387 985 et
410 925 443 984 ln
475 920 674 982 scenicorum
705 914 874 990 poetarum
906 910 1054 986 operibus
1081 911 1205 985 passim
1227 912 1430 985 permutatas
1456 927 1529 971 esse
1551 925 1617 985 par·

354 1026 472 1087 ticulas
499 1021 607 1082 οὕνεκα
632 1019 664 1078 et
687 1015 794 1091 εἵνεκα,
816 1014 892 1086 quin
916 1013 1102 1072 etiamnunc
1125 1011 1289 1071 dubitatur
1308 1013 1393 1071 sitne
1413 1012 1619 1085 Aristophani

354 1111 476 1188 comico
508 1121 604 1181 εἵνεκα
634 1118 739 1176 torma
768 1112 959 1173 vindicanda
982 1127 1024 1170 an
1046 1109 1156 1169 οὕνεκα
1179 1125 1277 1170 sensu
1297 1115 1434 1184 propter,
1458 1127 1563 1170 carrea
1588 1111 1618 1168 Si

357 1241 433 1286 vero
466 1236 565 1296 quam
601 1217 746 1278 maxime
780 1214 952 1286 constaret,
982 1209 1092 1270 odorae
1122 1213 1156 1270 et
1177 1209 1303 1270 τούνεκα
1328 1226 1370 1270 ex
1393 1215 1467 1281 (dou
1483 1207 1619 1278 -1-ἴνεκα

357 1325 523 1403 prodiisse,
550 1317 735 1395 aphaeresis
757 1317 836 1375 haec
860 1311 1003 1374 vocanda
1026 1313 1115 1372 esset
1136 1312 1244 1384 potius
1267 1326 1365 1385 quam
1388 1313 1499 1372 cresis.

401 1427 490 1487 Haec
520 1422 629 1485 omnia
659 1418 758 1494 igitur
784 1415 933 1476 detrahe:
959 1447 999 1456 -
1022 1415 1148 1474 restant
1179 1414 1213 1472 in
1241 1413 1437 1474 carminibus
1460 1413 1560 1487 epicis
1582 1427 1620 1472 ea

357 1531 427 1592 sola
460 1542 542 1603 quae
577 1538 674 1598 supra
704 1519 876 1580 attulimus
906 1530 1035 1578 crassos
1065 1516 1231 1591 exempla:
1265 1509 1364 1592 adila,
1393 1513 1497 1592 οὑμός,
1518 1513 1621 1587 ω-ὑιός,

358 1633 489 1711 ὤριστος,
518 1624 636 1700 καύτός,
662 1619 768 1697 καύτή,
789 1617 900 1699 χήμεῖς,
926 1614 1079 1697 ὠρίμνωεε.
1102 1619 1151 1677 lix
1174 1617 1225 1678 his
1248 1617 1401 1691 probabili
1425 1617 1620 1679 correctione

357 1733 518 1796 removeri
558 1727 693 1803 possunt
731 1738 770 1784 ea
803 1735 885 1795 quae
919 1719 1092 1780 articulum
1127 1719 1306 1781 admistum
1341 1720 1470 1794 habent,
1505 1733 1620 1792 nempe

358 1836 527 1912 legendum
552 1831 604 1892 est
624 1822 710 1906 ἡμὸς,
730 1820 830 1899 αὐτός,
852 1815 892 1902 ὄχ’
917 1817 1050 1901 ἄριστοςς
1075 1820 1191 1882 ultima
1215 1824 1325 1882 autem
1349 1821 1502 1881 correctio
1522 1834 1620 1892 quam

358 1941 402 2002 sit
423 1934 608 2000 necessaria
636 1929 758 2006 optime
781 1926 922 1987 cernitur·
944 1948 961 2003 ρ
985 1926 1060 2001 ltu,
1083 1940 1146 1999 quo
1169 1923 1239 1985 loco
1262 1924 1436 2000 praedicati
1462 1924 1530 1984 vice
1554 1922 1620 1982 lun

358 2045 445 2120 gitur
475 2035 671 2102 adiectivum
701 2027 817 2110 ἄριστος
847 2045 950 2104 nequo
980 2028 1151 2089 articulum
1185 2029 1282 2104 igitur
1303 2027 1457 2090 admittit.
1483 2029 1520 2087 lu
1545 2043 1621 2087 vom

359 2143 505 2226 ὠρίγνωεε
540 2141 610 2201 sive
644 2127 667 2196 ὦ
698 2129 838 2213 ἀρίγνωτε
881 2133 988 2207 ipsum
1022 2146 1139 2192 nomen
1175 2131 1306 2205 gravius
1340 2131 1440 2192 etiam
1475 2127 1622 2202 displicet

359 2263 458 2323 quam
482 2243 583 2304 erasis
605 2239 657 2300 vel
680 2235 849 2310 synlzesls,
872 2235 1064 2308 quapropter
1087 2225 1125 2292 ’ὦ
1147 2229 1288 2312 ἀμέγαρτε
1313 2233 1517 2293 scribendum
1538 2228 1620 2290 vide·

360 2363 413 2410 tur
447 2345 519 2409 coll.
554 2365 571 2422 ρ
602 2341 677 2402 219.
709 2337 859 2413 Quaeque
890 2334 956 2394 lam
988 2333 1058 2395 sola
1083 2336 1262 2418 ,supersunt
1283 2327 1372 2392 edile
1395 2331 1504 2404 καύτός
1526 2329 1621 2408 καύτή

358 2449 459 2531 χήμεῖς
481 2449 592 2508 utrum
615 2441 722 2504 cresin
744 2453 786 2500 an
808 2436 976 2497 elisionem
998 2437 1174 2497 admittant
1198 2437 1357 2497 incertum
1383 2439 1414 2511 ¹),
1446 2437 1480 2496 et
1502 2427 1521 2494 ε’
1548 2429 1620 2492 cillo

359 2556 446 2616 certe
475 2547 637 2614 codicibus
667 2557 731 2605 non
760 2540 873 2601 inritis
902 2539 999 2599 scribi
1028 2540 1144 2616 potest,
1177 2540 1263 2600 iusta
1293 2540 1404 2599 autem
1435 2553 1534 2599 causa
1565 2551 1622 2596 cur·

358 2654 487 2718 articuli
517 2651 685 2712 elisionem
715 2643 845 2704 omnino
871 2640 1047 2714 refugerint
1069 2643 1183 2715 poetae
1202 2641 1282 2714 epici
1303 2639 1477 2713 excogitari
1499 2638 1619 2711 nequit.

359 2759 463 2820 Voces
494 2767 569 2815 vero
602 2745 711 2816 καύτός
744 2741 838 2820 καύτή
871 2738 971 2819 χήμεῖς
1005 2743 1165 2802 erroribus
1198 2742 1362 2816 debentur,
1393 2740 1447 2813 qul
1482 2739 1620 2798 tortasse

360 2857 430 2920 tolli
452 2853 597 2931 possunt.
623 2848 668 2910 dr.
693 2846 859 2905 Hermann
883 2842 922 2902 de
946 2842 1104 2915 particula
1126 2837 1164 2899 dv
1186 2843 1201 2901 1
1225 2857 1255 2916 p.
1281 2842 1353 2901 175.

403 2959 441 3018 In
472 2952 641 3015 Hesiodeis
671 2945 842 3007 occurrunt
870 2939 981 3018 τῶμισυ
1012 2941 1103 3016 Oper.
1129 2943 1203 3016 559,
1230 2938 1287 3000 κάκ
1310 2941 1427 3014 Theog.
1453 2941 1516 2998 447
1541 2937 1621 3008 (loco

360 3059 502 3134 recenti),
537 3049 593 3113 κᾶν
627 3049 719 3124 Oper.
750 3045 813 3104 357
844 3043 932 3104 codd.
964 3040 1087 3116 aliquot
1117 3039 1177 3112 (uel
1210 3057 1352 3117 papyrus
1387 3041 1526 3115 aliique),
1561 3037 1621 3110 κείς

361 3163 452 3239 Oper.
484 3158 527 3218 44
560 3155 657 3225 (reete
687 3145 737 3208 ml
768 3145 808 3218 εἰς
838 3159 894 3220 pro
925 3160 956 3204 σε
987 3142 1046 3214 κείς
1077 3144 1265 3219 Hermann),
1297 3140 1366 3213 τοὺς
1399 3139 1490 3219 αὐτῆς
1518 3137 1621 3211 (fobe

360 3262 463 3339 αὐτῆς)
484 3259 601 3329 Theog.
626 3252 701 3326 470,
724 3244 860 3318 κάκεῖνος
884 3245 975 3320 Oper.
1001 3246 1064 3305 295
1088 3245 1162 3315 (vid.
1186 3249 1304 3320 supra).

405 3362 497 3437 Apud
528 3353 723 3419 recentiores
751 3350 864 3424 poetes
888 3346 1011 3406 sensim
1035 3340 1209 3406 increbrirlt
1231 3347 1333 3408 orasis
1355 3341 1388 3422 ²),
1413 3360 1433 3405 a
1454 3345 1623 3405 Theocrito

360 3466 471 3526 autem
501 3468 678 3534 permagna
703 3451 862 3527 libertate,
887 3448 1008 3507 maiore
1033 3447 1131 3508 etiam
1156 3449 1196 3507 ab
1220 3447 1348 3510 Herode
1370 3449 1403 3507 in
1427 3446 1623 3506 Mimiambis

361 3569 412 3629 est
434 3562 587 3636 admissa,
611 3554 723 3630 utqui
747 3552 887 3614 dixerint
909 3566 936 3611 e.
961 3565 990 3624 g.
1015 3543 1074 3627 χώκ
1098 3565 1152 3624 pro
1176 3546 1225 3608 nel
1246 3545 1262 3608 d
1286 3546 1318 3608 ἐκ
1346 3549 1504 3610 limonarii.
1529 3551 1542 3608 l
1570 3551 1621 3622 79,

359 3669 463 3748 χῶγων
485 3679 542 3739 pro
564 3658 615 3722 eal
638 3655 654 3718 ὃ
677 3654 758 3736 ἄγων
781 3653 898 3714 Herod.
922 3651 966 3712 lv
990 3653 1042 3712 eu.

404 3769 547 3830 ionicam
579 3760 753 3825 dialectum
783 3756 857 3816 inde
888 3769 909 3815 a
938 3754 1032 3814 sexto
1061 3755 1148 3813 certe
1171 3753 1301 3814 saeculo
1323 3753 1428 3815 cresin
1451 3767 1514 3813 non
1539 3765 1622 3826 spre-

361 3873 448 3934 visse
467 3868 629 3929 testantur
647 3860 882 3936 inscriptiones,
903 3857 936 3916 ln
949 3855 1066 3929 quibus
1077 3853 1265 3914 arroasiae
1277 3858 1311 3917 et
1324 3853 1625 3915 ΊῺΙΙΟΛΛΩΝΟΣ

360 3973 402 4044 tid
426 3971 478 4031 est
501 3958 622 4028 dodilo
646 3966 679 4023 et
700 3955 903 4028 εώπόλλωνος)
927 3957 961 4017 et
983 3955 1104 4015 similia
1128 3957 1339 4031 reperiuntur.

630 4219 695 4278 111.
722 4218 772 4274 De
793 4225 954 4284 apocope,
976 4210 1168 4280 aphses-esi,
1190 4225 1355 4282 syncope.

405 4405 508 4491 310.
542 4401 722 4467 Particulne
756 4397 902 4472 quatuor,
938 4389 997 4450 ἀνά
1031 4389 1104 4449 κατά
1138 4391 1219 4470 παρά
1252 4389 1320 4470 ἅμα,
1353 4408 1491 4467 quarum
1530 4391 1624 4466 alpha

361 4512 457 4574 finale
491 4512 567 4570 ante
603 4505 730 4569 vocales
763 4499 891 4572 5551555,
926 4508 1008 4568 quae
1043 4492 1169 4568 dicitur,
1200 4495 1363 4555 obscurari
1394 4509 1488 4569 posse
1511 4509 1567 4568 per
1588 4509 1624 4554 se

396 4737 416 4806 ¹)
433 4740 573 4789 videantur
602 4749 668 4797 qnae
700 4734 769 4795 apud
800 4732 989 4780 samosaten
1014 4731 1027 4776 Ι
1053 4743 1079 4790 p.
1105 4729 1153 4776 996
1180 4727 1320 4773 efferuntur
1346 4737 1377 4771 ox
1403 4723 1623 4783 inscriptionibus:

362 4819 501 4880 nelnuldpr,
518 4819 582 4870 nois,
600 4818 645 4870 ab,
664 4825 717 4872 „wo
733 4812 780 4860 dns
796 4829 820 4860 αι
837 4813 1017 4871 :mgentem
1034 4806 1159 4856 55115159Ι

395 4894 415 4960 ¹)
432 4898 470 4946 oi.
487 4895 576 4944 uarat
593 4893 661 4942 honr.
679 4891 786 4940 Studien
803 4889 843 4938 111
860 4903 886 4950 p.
904 4891 943 4936 ie.
