3908 5724
971 610 1036 668 380
1516 609 1545 678 [5
1570 609 1630 667 130

369 791 409 850 ad
443 796 655 866 augmentum
689 793 882 868 syllabicum
913 807 1057 867 quaeque
1087 791 1127 852 ad
1154 793 1331 868 temporale
1354 793 1531 868 pertinent,
1554 807 1628 852 nam

370 893 431 953 etsi
465 893 542 955 illud
575 895 739 970 antiquius
770 895 830 956 hoo
860 896 1022 956 recentius
1052 895 1112 970 eet,
1144 895 1318 968 utrumque
1347 896 1458 955 tamen
1480 895 1533 956 diu
1556 893 1629 954 ante

368 1009 486 1055 aevum
517 997 643 1072 epicum
673 999 708 1058 et
736 998 812 1058 ante
842 998 947 1073 ipsam
971 997 1050 1058 adeo
1072 996 1216 1070 linguam
1244 995 1400 1057 Graecam
1423 997 1536 1056 natum
1559 1009 1630 1056 esee

369 1095 518 1159 vidimus.

412 1195 611 1272 Rogantlbus
644 1199 742 1273 igitur
775 1199 850 1273 quid
886 1199 1025 1260 moverit
1058 1199 1182 1258 veteres
1216 1199 1364 1259 cantores
1394 1200 1431 1258 ut
1463 1197 1629 1257 verborum

368 1299 492 1370 partem
522 1299 657 1360 minime
681 1313 955 1374 supervacaneam
979 1299 1103 1373 passim
1130 1297 1339 1372 negligerent,
1364 1297 1451 1356 viam
1474 1297 1565 1357 nobis
1587 1297 1629 1356 in·

368 1395 454 1476 dicat
477 1411 530 1456 ars
552 1398 733 1474 etahstica3
759 1400 837 1461 haec
861 1399 949 1459 enim
972 1398 1065 1459 docet
1084 1399 1295 1470 augmentum
1316 1397 1516 1470 frequentius
1541 1397 1630 1467 (llrlll

369 1498 558 1571 usurpatum
596 1501 636 1561 ab
672 1500 713 1561 ils
744 1515 818 1562 esee
848 1515 946 1574 quam
979 1499 1179 1574 neglectum
1211 1513 1229 1558 e
1260 1498 1373 1558 formis
1404 1500 1629 1575 actamquae

367 1600 541 1672 augmento
563 1601 718 1676 syllabica
739 1601 914 1664 destitutae
937 1603 1024 1678 sunt,
1047 1603 1196 1675 quartam
1220 1613 1381 1674 quamque
1405 1601 1497 1662 initio
1519 1615 1630 1661 versus

367 1700 508 1774 reperiri.
540 1701 610 1764 Hae
642 1703 740 1779 igitur
770 1703 944 1766 collocutae
968 1705 1045 1764 sunt
1068 1703 1125 1765 iila
1147 1702 1222 1764 sede
1245 1701 1436 1778 hexametri,
1460 1702 1515 1762 ubi
1538 1701 1630 1778 periit

367 1802 492 1878 syllaba
525 1818 622 1880 quam
658 1805 795 1867 habebat
829 1808 970 1868 metrum
1002 1804 1285 1882 antiquissimum
1316 1820 1394 1866 nam
1418 1820 1436 1865 e
1458 1803 1629 1880 duplicatis

369 1904 547 1984 versiculis,
570 1922 709 1981 quorum
732 1909 865 1969 scheme
888 1910 939 1968 eet

838 2074 842 2084 ι
863 2027 1104 2072 ῡ-υυ-υυ-κ]

368 2098 523 2172 prodiisse
547 2115 679 2162 versum
702 2101 866 2162 heroicum
889 2115 988 2176 supra
1010 2114 1080 2174 pag.
1110 2100 1129 2159 9
1154 2099 1305 2161 vidimue.

412 2199 595 2275 aphaeresis
616 2202 724 2279 igitur,
747 2216 845 2278 quam
869 2203 974 2264 dicere
999 2201 1237 2277 consuevimus,
1262 2202 1403 2262 cemllur
1422 2200 1503 2260 locis
1526 2199 1631 2274 qualis

368 2305 419 2362 est
447 2305 475 2361 A
499 2304 557 2364 34:

501 2401 576 2483 (θβῆ
599 2399 628 2464 d'
656 2401 752 2464 ἀκέων
775 2402 856 2482 παρὰ
880 2409 953 2463 θῖνα
975 2403 1208 2482 πολυφλοίσβοιο
1231 2403 1395 2480 θαλάσσης,

368 2517 472 2575 neque
507 2507 559 2564 eet
592 2520 649 2565 cur
684 2506 853 2566 credamus
884 2507 1032 2566 vetustos
1061 2508 1209 2565 cantores
1236 2505 1393 2565 initialem
1425 2503 1516 2564 illam
1538 2503 1631 2576 sylia-

368 2603 454 2677 bam,
489 2618 571 2676 quae
606 2607 699 2665 extra
735 2606 916 2666 hexametri
947 2620 1100 2665 numeros
1130 2607 1217 2666 esset
1251 2607 1365 2680 posita,
1398 2606 1529 2665 omnino
1561 2605 1633 2662 reti·

370 2702 486 2764 culsse.
511 2705 617 2765 Immo
640 2706 754 2767 eadem
774 2707 897 2767 ratione
917 2721 989 2766 earn
1010 2706 1200 2780 habuerunt,
1222 2706 1282 2766 nisi
1301 2705 1411 2765 omnia
1430 2719 1489 2764 nos
1509 2703 1634 2780 fallunt,

369 2819 433 2879 qua
468 2807 641 2868 utebantur
674 2807 707 2868 iu
742 2808 877 2884 syllabis
912 2807 1045 2868 elisione
1078 2808 1262 2882 aduocatis,
1296 2808 1357 2868 hae
1388 2821 1515 2880 qcroque
1537 2821 1634 2880 quam

370 2907 561 2970 brevissime
596 2911 849 2972 enunciabantur
880 2913 913 2972 el
943 2910 1043 2971 veluti
1073 2909 1225 2971 absentes
1254 2909 1397 2986 aderant,
1430 2908 1480 2970 vei
1512 2907 1635 2983 siquis

370 3010 506 3087 mavult,
537 3012 671 3073 aberant
694 3015 898 3090 praesentes;
921 3013 1116 3088 percipiebat
1139 3027 1195 3073 eea
1218 3013 1316 3087 auris,
1341 3025 1403 3071 non
1427 3010 1634 3086 numerabat;

369 3114 567 3175 sententiam
590 3114 773 3192 expiabant,
797 3129 860 3176 non
885 3115 1061 3176 onerabant
1084 3117 1243 3190 metrum;
1268 3113 1366 3175 utiles
1386 3113 1522 3187 denique
1544 3114 1636 3174 erant

369 3215 572 3276 audientibus
591 3232 694 3292 neque
705 3219 833 3278 canenti
848 3217 1007 3278 molestae
1021 3209 1057 3300 ¹).
1082 3217 1199 3277 Nostro
1219 3216 1317 3290 igitur
1337 3215 1406 3277 iure
1427 3216 1546 3276 talibus
1558 3215 1636 3276 iocis

370 3319 581 3394 aphaereseos
604 3319 733 3394 signum
757 3319 976 3396 praefigimus,
1000 3335 1063 3394 quo
1086 3320 1267 3380 indicemus
1290 3319 1479 3396 Homerum,
1503 3321 1540 3380 ut
1567 3318 1635 3380 reli·

370 3435 451 3495 quos
485 3421 633 3496 Graecos,
661 3419 714 3501 ἔβη
737 3422 869 3498 dixisse,
892 3421 1056 3502 προβατίου
1082 3455 1121 3465 -
1145 3422 1183 3481 ut
1206 3437 1280 3481 cum
1309 3405 1437 3481 Cratino
1459 3420 1571 3494 loquar
1594 3453 1634 3464 -

370 3520 403 3582 ab
438 3522 477 3601 βῆ
511 3523 551 3602 βῆ
585 3519 679 3602 λέγειν
713 3539 785 3584 cese
818 3524 891 3585 rati.
929 3523 1095 3583 itiusmodi
1130 3525 1242 3583 autem
1277 3537 1391 3584 versus
1431 3521 1635 3600 προκεφάιοος

371 3637 486 3684 vocare
509 3623 618 3684 licebit
639 3624 769 3684 nomine
792 3639 810 3684 e
835 3626 981 3685 veterum
1005 3624 1293 3696 grammaticorum
1317 3624 1386 3682 arte
1409 3621 1559 3682 desumto
1580 3614 1612 3692 ²).

415 3723 534 3784 Eadem
566 3723 844 3796 argumentatione
875 3724 1044 3800 evincitur,
1077 3723 1243 3796 augmenti
1268 3721 1455 3796 temporalis
1478 3722 1635 3781 iacturam

372 3825 445 3898 post
467 3839 637 3886 caesuram
660 3824 849 3884 femininam
875 3824 953 3884 nlhil
978 3825 1095 3884 habere
1118 3823 1202 3898 quod
1225 3824 1391 3899 miremur,
1422 3822 1574 3894 quoniam
1604 3822 1637 3880 in

372 3925 478 3999 prisca
500 3926 569 3986 arte
592 3939 710 3998 anceps
733 3925 795 3986 fuit
817 3926 896 3985 haec
920 3925 1062 4002 syllaba,
1088 3926 1256 3986 videantur
1279 3939 1362 3998 quae
1380 3937 1452 3998 pag.
1476 3923 1512 3981 11
1535 3923 1637 3982 obser·

374 4026 534 4086 ravimus.
570 4025 709 4086 Omnino
739 4027 849 4086 autem
882 4028 955 4101 poet
984 4041 1164 4102 caesuram,
1197 4026 1296 4086 eiiam
1327 4028 1400 4100 post
1423 4025 1636 4087 masculinam

374 4127 461 4187 tertii
491 4127 661 4201 quartique
691 4126 810 4201 pedum
845 4140 1024 4203 caesuram,
1055 4126 1149 4187 facile
1177 4128 1351 4186 excusatur
1380 4127 1546 4199 augmenti
1569 4141 1638 4200 sup·

373 4228 505 4301 pressio,
540 4241 599 4288 nec
633 4242 695 4287 non
730 4228 804 4301 post
840 4225 998 4286 diaeresin
1033 4225 1226 4298 bucolicam;
1264 4224 1379 4297 quibus
1412 4224 1492 4285 locis
1518 4239 1637 4284 nouum

407 4515 426 4583 ¹)
444 4518 632 4568 Pronuneiandi
650 4518 718 4566 huno
736 4532 843 4580 morum,
867 4533 942 4580 qinom
962 4518 1030 4580 apud
1048 4520 1175 4566 lloruanos
1189 4531 1291 4580 qrrrlqno
1306 4521 1443 4569 irrvninisso
1461 4534 1536 4568 nomo
1551 4521 1639 4582 rioscil,

372 4599 469 4662 optime
490 4599 603 4648 illustrat
620 4600 697 4648 Gellii
714 4599 854 4662 disputatio
877 4601 939 4648 xiii
961 4603 1001 4662 ul,
1023 4614 1075 4662 quo
1092 4601 1149 4648 lucu
1171 4600 1346 4661 Vorgiiiauuru
1365 4602 1450 4650 ἐκπίοι
1469 4602 1495 4651 iu
1508 4601 1640 4667 praecipiti

369 4681 474 4727 eleum
492 4679 649 4728 iucundioris
665 4681 816 4741 gracilitatis
833 4694 891 4729 esse
908 4681 1040 4729 muleudil
1057 4694 1134 4741 qnam
1151 4682 1173 4729 ιι·
1191 4695 1238 4742 por
1254 4697 1268 4730 e
1284 4681 1397 4731 litteram
1420 4683 1491 4731 dieas
1510 4686 1605 4731 terrene.

405 4753 427 4823 ²)
444 4759 498 4808 vid.
515 4760 596 4808 schol.
613 4760 795 4822 Hephaestion.
813 4775 838 4822 p.
859 4761 906 4808 rie
923 4763 949 4808 et
968 4763 1013 4809 illl
1033 4761 1161 4820 Gaieiord,
1179 4761 1265 4810 Obrisl
1283 4763 1388 4810 Hetrih¹
1405 4777 1431 4825 p.
1450 4763 1506 4812 lilb.
