3952 5700
365 754 384 822 ἓ
413 754 463 826 141
981 759 1021 820 73

364 959 476 1004 altram
503 947 650 1022 correpta
673 947 829 1022 reperitur
859 947 986 1022 syllaba
1009 947 1115 1022 longa,
1138 963 1166 1007 e.
1190 960 1221 1021 g.
1247 949 1278 1004 A
1308 946 1371 1006 627
1396 941 1505 1022 ἔξελον,
1527 941 1637 1003 οὕνεκα

365 1044 460 1127 βουλῇ
472 1036 492 1128 Η
505 1041 708 1124 ἀριστεύεσκεν
728 1043 878 1124 anderun,
901 1052 930 1108 A
942 1051 985 1108 80
1005 1043 1133 1131 ἡμετέρῳ
1157 1042 1201 1106 ἐνὶ
1219 1045 1314 1130 folco)
1327 1037 1347 1128 ΙΙ
1360 1043 1392 1105 ἓν
1410 1041 1510 1124 ''Apyst'
1530 1041 1637 1120 τηλόθε

366 1143 487 1220 πάτρης,
506 1147 663 1208 recordari
681 1163 740 1210 nos
759 1150 895 1224 oportet,
908 1148 991 1210 hanc
1004 1163 1157 1209 versuum
1177 1148 1289 1208 sedem
1302 1147 1403 1206 etiam
1416 1147 1530 1219 longas
1540 1144 1636 1218 sylla-

367 1245 424 1304 bas
453 1246 624 1318 aiiquando
651 1249 834 1323 admisisse,
867 1249 929 1309 vid.
954 1265 984 1323 p.
1012 1250 1069 1322 ll;
1099 1249 1133 1306 et
1154 1247 1285 1308 omuino
1304 1245 1337 1306 in
1358 1247 1418 1307 hac
1446 1245 1635 1318 quaestione

367 1347 588 1419 perpendenda
614 1363 677 1408 non
701 1348 777 1408 licet
800 1349 956 1422 oblivisci,
980 1349 1125 1422 syllabas
1152 1347 1241 1407 brevi
1263 1347 1424 1420 longiores
1444 1361 1505 1407 nec
1523 1347 1635 1405 tamen

368 1445 478 1518 longas
498 1447 606 1516 (unius
627 1448 692 1508 lere
711 1451 746 1508 et
764 1449 915 1510 dimidiae
934 1451 1112 1517 morarum)
1128 1448 1250 1507 multas
1258 1447 1390 1521 reperiri
1401 1447 1435 1507 ln
1447 1448 1518 1507 arte
1529 1447 1635 1520 poeta·

367 1559 438 1604 rum
462 1546 635 1624 epicorum,
657 1564 760 1622 neque
780 1549 879 1624 igitur
896 1550 1013 1623 duplex
1033 1549 1174 1624 tantum,
1197 1548 1280 1620 quod
1302 1547 1405 1607 statui
1427 1545 1521 1621 solet,
1545 1544 1635 1619 pedis

366 1645 482 1707 heroici
496 1647 596 1709 luisse
608 1649 751 1726 schema,
769 1671 861 1728 ψῃ,
874 1651 930 1712 sed
942 1649 1065 1710 multos
1076 1649 1174 1724 pedes
1186 1647 1306 1710 rectius
1322 1627 1342 1730 ,Ι
1356 1628 1431 1730 ,dh
1445 1646 1497 1708 vel
1515 1627 1534 1730 ,Ι
1558 1626 1635 1728 Ml

366 1747 510 1809 describi.
525 1748 761 1811 Vocabulorum
782 1765 864 1824 quae
883 1755 1059 1811 excurrunt
1071 1751 1105 1810 in
1124 1748 1268 1823 syllabas
1289 1791 1379 1826 ψ,
1400 1764 1428 1809 e.
1441 1763 1471 1822 g.
1492 1741 1589 1824 ἡμένη
1601 1741 1634 1806 ἐν

366 1843 504 1923 plebaea
524 1854 552 1908 A
565 1853 640 1926 358,
662 1853 698 1911 ut
717 1853 868 1913 ultimam
892 1852 1053 1926 syllabam
1073 1851 1279 1926 corriperent,
1301 1851 1436 1912 metrica
1455 1849 1635 1911 necessitas

367 1951 477 2022 poetas
498 1951 694 2026 impellebat.
715 1953 823 2014 Dativi
843 1955 980 2029 denique
999 1954 1176 2016 terminum
1197 1975 1245 2038 -ῳ,
1263 1953 1318 2026 qui
1331 1952 1396 2012 340
1415 1950 1496 2013 locis
1515 1964 1636 2023 correp·

367 2055 421 2112 tus
440 2054 607 2132 reperitur,
632 2057 736 2131 poetis
755 2057 855 2132 epicis
875 2058 907 2118 in
928 2057 1012 2118 thesi
1031 2056 1180 2118 sonuisse
1204 2077 1246 2115 -οι
1270 2055 1302 2125 (i.
1323 2072 1351 2116 e.
1372 2057 1429 2130 -oyl
1452 2051 1636 2126 suspicatur

368 2154 496 2215 tiruilch
521 2156 575 2218 l.l.
601 2173 630 2234 p.
656 2159 697 2218 tl
722 2175 782 2237 sq,
814 2175 896 2234 quae
928 2161 1038 2222 tamen
1070 2160 1194 2221 incerta
1224 2157 1399 2220 admodum
1432 2155 1484 2216 est
1515 2152 1636 2215 conlec-

368 2259 439 2317 tura
468 2253 498 2328 ¹).
534 2259 671 2322 Etiamsi
706 2264 818 2323 autem
849 2277 964 2324 omnes
994 2263 1164 2324 machinas
1195 2260 1430 2322 admoveamus
1460 2256 1501 2318 ad
1531 2255 1637 2315 immi·

367 2359 529 2421 nuendum
552 2377 727 2424 numerum
745 2363 900 2440 locorum,
924 2363 1041 2438 quibus
1063 2363 1251 2438 diphthongi
1271 2385 1305 2446 -q
1326 2363 1360 2423 et
1378 2382 1416 2445 -p
1436 2358 1487 2419 vei
1508 2356 1638 2419 vocales

366 2482 400 2536 -q
428 2463 461 2522 et
490 2485 528 2522 -o
559 2465 777 2540 corripiendas
807 2467 894 2544 aunt,
925 2468 1052 2528 restant
1081 2468 1194 2527 tamen
1223 2465 1306 2526 satis
1336 2462 1432 2524 multi
1463 2461 1517 2534 qui
1547 2458 1637 2519 omni

367 2565 575 2627 excusatione
609 2569 731 2644 carent,
767 2586 795 2630 e.
818 2584 848 2643 g.
880 2560 965 2645 ποθὴ
994 2567 1083 2641 iteret
1116 2571 1144 2626 A
1171 2568 1246 2642 240,
1278 2557 1355 2643 δεῦρ’
1382 2562 1433 2622 tao
1457 2557 1489 2620 ἐκ
1516 2557 1637 2619 πάντων

369 2667 398 2723 ii
424 2667 473 2727 75.
499 2667 612 2742 Itaque
636 2685 692 2744 pro
715 2672 803 2732 certo
826 2671 886 2732 hoc
909 2686 1012 2732 unum
1035 2671 1143 2745 potest
1161 2667 1328 2743 allirmari,
1352 2666 1384 2726 in
1405 2661 1636 2725 vocabulorum

366 2768 545 2830 comissum
572 2772 694 2846 passim
727 2773 841 2849 corripi
861 2772 1075 2849 diphthongos
1099 2793 1144 2831 -ce
1174 2791 1217 2830 -οι
1239 2791 1289 2848 -ει,
1309 2768 1413 2830 multo
1431 2781 1508 2828 vero
1531 2765 1637 2827 rarius

364 2871 445 2931 alias
466 2872 681 2948 diphthongos
703 2875 858 2950 longasve
882 2875 1020 2937 vocales.
1046 2875 1129 2936 Hinc
1152 2873 1245 2936 illam
1268 2871 1503 2948 correptionem
1535 2868 1636 2930 luisse

363 2971 555 3048 legitimam,
577 2975 660 3036 hanc
680 2977 790 3038 minus
809 2977 943 3050 licitam,
972 2976 1041 3037 veri
1067 2975 1103 3036 lit
1123 2975 1242 3052 simile,
1266 2977 1299 3036 et
1311 2973 1462 3035 credibile
1475 2969 1639 3045 igiturest

363 3071 394 3132 id
424 3075 509 3146 quod
539 3077 724 3149 suspicatur
755 3077 895 3152 Gruilch,
928 3077 1112 3150 analogiam
1136 3076 1283 3137 olfecisse
1306 3077 1344 3135 ut
1367 3074 1484 3134 horum
1511 3083 1637 3145 quoque

363 3173 515 3233 sonorum
546 3177 703 3251 correptio
733 3177 857 3239 sensim
881 3192 937 3253 pro
961 3193 1116 3239 concessa
1139 3177 1321 3252 haberetur,
1345 3190 1420 3236 cunr
1444 3173 1524 3234 olim
1547 3169 1637 3231 solae

363 3273 549 3352 diphthongi
580 3299 625 3335 -αι
647 3299 690 3337 -οι
714 3299 753 3338 -ει
776 3279 976 3354 placuissent
1007 3280 1181 3354 correptae.
1215 3279 1266 3338 lin
1289 3277 1398 3353 potius
1422 3272 1636 3336 statuendum

363 3379 423 3454 est,
455 3377 486 3438 ln
522 3379 614 3450 artis,
633 3381 741 3456 opicae
770 3381 907 3444 infautia
930 3381 1145 3458 diphthongos
1170 3381 1345 3456 longasque
1369 3378 1499 3441 vocales
1521 3391 1636 3438 omnes

363 3481 432 3543 siue
461 3483 647 3545 discrimine
677 3500 734 3559 pro
765 3485 917 3547 brevibus
939 3484 1075 3560 syllabis
1098 3501 1171 3548 esse
1193 3486 1367 3560 usurpatas
1394 3483 1423 3546 sl
1446 3480 1636 3557 sequeretur

364 3584 493 3662 vocalis,
528 3588 641 3660 postea
676 3603 751 3648 vero
781 3603 899 3648 sonum
930 3610 964 3665 -q
995 3587 1048 3648 vel
1080 3610 1118 3647 -o
1149 3588 1333 3662 correptum
1363 3585 1578 3663 displicuisse,
1602 3584 1636 3644 et

363 3685 437 3746 hinc
470 3689 619 3748 cantores
649 3703 669 3748 a
703 3688 823 3749 talibus
856 3688 918 3749 sibi
953 3689 1059 3763 magis
1097 3689 1266 3764 magisque
1301 3689 1513 3763 temperasse,
1547 3684 1636 3746 solas

362 3787 577 3864 diphthongos
600 3811 645 3846 -αι
682 3811 710 3848 οι
734 3811 773 3848 -ει
797 3791 956 3866 corripere
978 3791 1132 3866 perpetuo
1156 3806 1348 3853 concessum
1369 3789 1431 3851 sibi
1455 3787 1636 3851 ducentes?

362 3889 413 3949 lta
443 3905 508 3951 non
537 3891 704 3965 gliscentis
729 3892 898 3954 cuiusdam
927 3893 1077 3956 licentiae
1101 3893 1218 3956 indicia
1241 3893 1362 3955 luerint
1384 3892 1441 3954 iila
1464 3881 1539 3952 dard
1562 3887 1635 3968 ἀτάρ

363 3993 396 4052 et
425 3990 509 4076 adep
541 3991 578 4056 od
608 3996 642 4056 et
668 3995 800 4073 similla,
825 3997 882 4058 sed
907 3997 1028 4060 veteris
1051 3997 1190 4072 vestigia
1213 3996 1306 4058 ruris.
1332 3997 1420 4072 Quae
1443 3993 1636 4070 probabilior

362 4093 432 4154 ideo
456 4094 584 4156 videtur
606 4097 757 4172 suspicio,
782 4098 865 4172 quod
889 4100 963 4173 post
987 4099 1166 4160 Homerum
1189 4097 1241 4159 hic
1264 4112 1337 4158 mos
1356 4097 1389 4157 in
1409 4098 1479 4157 arte
1500 4096 1636 4157 metrica

363 4209 425 4256 non
455 4197 653 4270 percrebruit
681 4199 805 4259 sensim
835 4199 892 4260 sed
915 4200 1088 4261 artioribus
1118 4201 1219 4261 etlam
1243 4199 1361 4260 linibus
1389 4198 1440 4259 est
1463 4196 1633 4270 cohibitus,

363 4293 409 4354 ita
439 4297 475 4355 ut
506 4294 539 4355 ln
569 4297 707 4372 dactylis
734 4300 769 4359 et
790 4300 976 4376 anapaestis
999 4301 1069 4362 soni
1093 4299 1207 4361 finales
1230 4321 1276 4358 -αι
1299 4301 1332 4360 at
1355 4320 1399 4359 -οι
1423 4297 1559 4373 correpti
1582 4296 1635 4357 hic

363 4395 429 4457 iilic
450 4396 666 4476 inveniantur,
699 4400 842 4476 reliquae
866 4418 943 4464 vero
966 4402 1152 4463 huiusmodi
1174 4401 1391 4476 correptiones
1416 4399 1470 4460 vix
1494 4413 1633 4472 usquam

365 4500 549 4573 appareant.

366 4689 583 4698 --.··-—---—

396 4839 417 4908 ¹)
435 4845 493 4893 lieri
519 4845 588 4894 hand
606 4844 758 4896 dissimilem
776 4848 890 4895 indicant
912 4844 1043 4909 (Μίεεγοε2
1065 4863 1089 4910 p.
1108 4852 1157 4898 tlt)
1175 4851 1243 4908 (noll.
1262 4855 1284 4898 Β
1303 4847 1371 4916 sis),
1391 4853 1502 4914 Vogrlna
1519 4853 1632 4901 Gramm.

363 4923 388 4971 d.
405 4924 472 4973 horn.
490 4925 556 4975 Dial.
575 4939 600 4988 p.
619 4925 651 4974 io
669 4927 697 4976 et
714 4927 754 4990 dt,
772 4924 964 4976 lliihnor-Blass
981 4929 994 4975 1
1011 4943 1037 4990 p.
1059 4929 1106 4977 198
1125 4932 1178 4977 not.
1196 4931 1218 4978 l.
