3934 5706
339 753 358 823 5
382 754 436 826 99]
801 705 805 720 ¹
949 758 1011 819 129

339 942 470 1016 prodest
500 957 575 1003 curn
608 941 716 1004 Fickio
735 936 913 1019 'Ottdprroro
936 945 1076 1006 scribere
1099 958 1156 1020 pro
1182 943 1356 1023 Οὐλύμποιο
1381 947 1508 1021 aliaque
1532 949 1613 1009 eius·

340 1043 437 1120 modi,
481 1057 580 1103 causo
621 1044 707 1104 enirn
750 1045 968 1119 productionis
1003 1048 1049 1107 its
1090 1047 1190 1108 nihilo
1224 1049 1329 1122 magis
1364 1048 1533 1123 perspicue
1566 1049 1611 1110 lit.

340 1145 428 1220 Quod
452 1147 535 1209 sciro
554 1151 703 1226 cuplrnus
723 1148 782 1208 boc
802 1149 863 1222 est,
883 1148 1009 1221 syllaba
1029 1148 1124 1222 longa
1143 1150 1258 1209 talium
1281 1166 1396 1210 vocum
1417 1151 1612 1211 debeaturne

338 1248 538 1320 productioni
568 1248 783 1326 suppletoriee
815 1263 925 1308 neone.
959 1248 992 1308 Si
1023 1249 1070 1308 lte
1093 1251 1153 1324 est,
1178 1250 1256 1309 nihil
1280 1251 1452 1323 quicquam
1477 1251 1613 1311 interest

338 1349 448 1408 utrum
480 1350 609 1410 Aeolice
641 1345 704 1408 riti-
735 1347 918 1407 scribamus
948 1362 989 1406 en
1013 1347 1118 1409 Ionioe
1143 1347 1210 1408 odi·
1237 1349 1320 1421 quod
1344 1351 1500 1410 traditum
1525 1367 1611 1412 acce·

337 1448 446 1521 pimus
454 1468 462 1524 ;
494 1451 544 1510 sin
575 1452 692 1510 natura
723 1447 831 1508 brevis
854 1448 915 1523 est,
940 1450 1056 1508 neutra
1079 1449 1238 1511 scribendi
1262 1451 1345 1511 ratio
1368 1451 1494 1524 probari
1517 1450 1612 1511 debet

338 1550 393 1609 sed
413 1543 573 1626 ’Otdprroro
594 1551 656 1611 erit
679 1547 895 1623 scribendum,
920 1549 954 1608 et
976 1550 1214 1610 concedendurn
1238 1550 1336 1623 igitur
1356 1551 1419 1610 erit
1438 1552 1498 1610 boc
1521 1565 1610 1611 voca·

337 1651 446 1710 bulum
483 1667 648 1726 paucaque
683 1650 757 1724 elis,
788 1664 871 1722 quae
902 1649 973 1709 eius
1004 1651 1082 1710 sunt
1111 1650 1243 1726 similia,
1276 1667 1453 1726 repugnare
1486 1652 1611 1727 legibus

338 1753 481 1813 metricis
503 1768 585 1827 quas
609 1753 641 1812 in
666 1753 735 1812 arte
759 1751 848 1825 epics
872 1749 954 1810 alius
978 1764 1111 1822 regnare
1139 1750 1297 1812 videmus.

380 1855 416 1912 In
452 1855 583 1914 Aeolion
616 1853 705 1927 poesi
740 1851 912 1913 cuiuslibet
945 1851 1090 1924 syllabae
1130 1852 1238 1912 brevis
1273 1853 1514 1926 productionem
1550 1855 1610 1914 sub

336 1954 401 2015 ictu
433 1955 556 2016 licitam
589 1955 689 2014 luisse
721 1968 739 2013 e
769 1951 938 2012 Theocrito
961 1953 1220 2012 demonstratum
1244 1953 1305 2012 ivit
1333 1953 1419 2013 Fick.
1447 1953 1534 2028 chae
1559 1969 1610 2013 res

336 2054 397 2113 nisi
429 2055 522 2115 fallor
554 2056 663 2115 minus
694 2053 830 2114 feliciter
862 2052 891 2112 ei
922 2053 1022 2113 cessit
1046 2053 1084 2127 ¹);
1111 2053 1167 2113 sed
1199 2053 1249 2114 lec
1273 2055 1311 2114 de
1336 2054 1497 2115 'l'beocriti
1521 2055 1610 2129 poesi

335 2173 408 2217 eum
432 2158 570 2219 evicisse
594 2158 677 2232 quod
703 2156 822 2217 voluit:
847 2155 922 2230 quid
947 2155 1118 2229 sequitur?
1149 2157 1209 2216 hoc
1240 2171 1341 2216 unum
1365 2157 1486 2232 opinor,
1511 2157 1608 2218 'Pheo-

334 2259 450 2318 critum
482 2275 545 2320 non
578 2260 658 2320 bene
688 2258 875 2334 perspectas
904 2257 1056 2317 habuisse
1079 2257 1221 2318 rationes
1246 2243 1419 2335 ιοοίτὶοοε,Ι
1433 2275 1516 2333 ques
1539 2259 1609 2320 sive

334 2360 413 2434 eplci
444 2363 537 2421 vates
568 2362 637 2421 slve
667 2361 818 2421 cantores
849 2357 956 2418 Lesbii
988 2358 1175 2419 recentioris
1206 2360 1278 2420 aovi
1310 2359 1342 2418 iu
1367 2360 1436 2420 suis
1460 2361 1608 2421 carmini·

334 2461 392 2521 bus
426 2463 665 2538 adhibuisssni3
702 2462 802 2522 etiam
839 2459 928 2521 vitiis
960 2462 1071 2520 autem
1103 2461 1216 2521 textus
1246 2460 1366 2536 traditi,
1399 2461 1508 2534 qualia
1531 2465 1608 2522 sunt

332 2554 403 2638 ὅφιν
434 2566 475 2624 Μ
501 2566 576 2642 208,
600 2555 672 2624 iulio
699 2586 715 2644 ρ
743 2565 817 2640 196,
842 2552 946 2640 μέλανι
969 2561 1002 2620 Ω
1027 2563 1078 2638 79,
1102 2563 1249 2636 posteros
1272 2562 1423 2637 deceptos
1446 2578 1519 2623 esse
1543 2579 1606 2624 cre·

332 2664 427 2728 dibile
451 2670 511 2729 est.

374 2867 396 2952 fi
419 2871 474 2938 39.
509 2875 547 2934 In
579 2873 797 2949 compluribus
824 2869 978 2945 stirpibus
1001 2869 1146 2931 litteram
1169 2891 1186 2946 ρ
1211 2869 1332 2930 vocalis
1355 2869 1464 2931 brevis
1487 2875 1518 2941 (d
1541 2870 1602 2945 ple·

330 2979 476 3049 rumque)
511 2977 607 3036 modo
641 2975 788 3048 sequitur
822 2973 917 3033 modo
947 2972 1125 3046 praecedit;
1158 2987 1240 3045 quse
1275 2971 1425 3045 loquendi
1457 2971 1600 3033 varietas

329 3075 499 3136 κκοίοίὴοοιο
535 3076 641 3137 voceri
676 3075 770 3150 solet,
800 3073 857 3134 sed
887 3073 1008 3134 rectius
1040 3089 1081 3132 ex
1113 3073 1218 3133 indole
1247 3071 1387 3145 liquidae
1411 3072 1602 3150 explicetur,

329 3176 368 3236 ci.
391 3177 409 3246 ἕ
436 3178 486 3236 12.
512 3177 683 3252 vocabula,
708 3190 791 3250 quse
814 3175 877 3234 huc
899 3174 1071 3249 pertinent,
1096 3176 1190 3234 sunt:

416 3273 539 3355 ἆρδμός,
561 3275 716 3356 νεοαρδὴς,
738 3291 758 3335 a
781 3273 878 3334 verbo
901 3272 993 3354 ῥαίνω
1017 3272 1096 3351 (pud)
1120 3274 1139 3343 ἓ
1163 3273 1237 3334 221.

416 3376 530 3456 βρᾶδύς
554 3393 629 3439 cum
652 3376 850 3450 superlativo
873 3373 1030 3453 βάρδιστος
1054 3375 1073 3444 5
1102 3374 1155 3434 87.

416 3475 548 3556 ίδρᾶθον
570 3493 645 3538 cum
669 3475 832 3550 praesenti
854 3480 930 3546 (non
953 3475 1137 3544 Homerico)
1161 3463 1306 3554 deotlind
1328 3473 1347 3544 δ
1373 3475 1446 3535 149.

417 3575 533 3658 δρᾶτός,
555 3577 618 3638 adi.
643 3575 772 3638 verbale
796 3575 885 3636 verbi
908 3571 991 3651 δέρω.

416 3676 554 3758 idcircor,
576 3695 596 3740 a
619 3679 716 3741 verbo
741 3673 881 3758 δέρκομαι
904 3677 922 3747 5
946 3677 1020 3738 226.

414 3779 486 3864 ρίζω
509 3787 552 3855 (=
563 3779 688 3862 fptyJor)
713 3815 753 3824 —-
777 3776 888 3860 deor,
908 3775 1020 3860 ίίργον
1042 3779 1061 3850 δ
1085 3777 1159 3840 224.

414 3882 572 3966 πολυίρήν
595 3917 639 3928 -
661 3882 842 3965 ποίύίκρνι,
862 3881 977 3965 ίαρνός
1001 3881 1061 3944 etc.
1086 3881 1104 3954 ἓ
1129 3881 1180 3942 79.

413 3987 538 4068 θράσος,
558 3985 676 4070 θρασύς
698 4021 742 4032 -
764 3985 890 4069 θάρσος,
911 3983 1041 4068 docetor,
1065 3984 1215 4064 Θερσίτης,
1238 3979 1417 4064 Ἅίιθίρσης,
1443 3989 1599 4065 πολυθαρ-

459 4091 524 4169 orig,
548 4089 800 4170 Ποίυθερσείδης.

414 4192 522 4272 κρᾶδίη
546 4227 580 4236 -
611 4191 720 4271 καρδίη
743 4192 762 4265 5
787 4194 836 4254 70.

413 4293 530 4373 κράτος,
562 4282 710 4375 κρίτεροξ
723 4327 767 4338 --
790 4292 907 4373 κάρτος,
936 4292 1085 4374 κάρκερος,
1113 4307 1189 4354 cum
1222 4289 1420 4366 superlativo
1446 4289 1597 4371 κάρτιστος

458 4395 476 4465 5
499 4395 552 4456 87.

412 4495 513 4575 κρίκος
536 4497 673 4569 (απκιίκκθ)
696 4529 740 4540 -
763 4496 864 4578 κίρκος
887 4497 1061 4574 (accipiter).

413 4595 517 4677 κρίκω,
538 4598 631 4678 κροκή
659 4599 813 4671 (Hesiod.)
838 4633 880 4642 -
903 4599 1008 4678 κερκίς.

413 4698 559 4781 foedior,
580 4718 601 4763 a
624 4702 720 4763 verbo
741 4697 845 4780 πίρθω
869 4701 887 4771 5
911 4701 985 4762 211.

356 4929 375 4993 1)
392 4933 430 4982 dl.
449 4934 559 4984 Sebules
576 4935 679 4992 Quaest
697 4934 769 4996 Epio.
788 4947 814 4995 p.
832 4935 847 4982 b
865 4947 922 4994 sqq.
