4100 5724
307 696 325 763 ἓ
352 697 424 766 iili]
910 699 974 758 439

307 881 456 943 veterum
487 885 787 960 grammaticorum,
811 899 909 959 quem
932 885 1108 946 absurdum
1132 900 1205 946 esse
1228 883 1337 957 Meyer
1359 881 1445 943 uitro
1468 895 1575 941 conce·

307 981 363 1058 dit,
390 998 513 1044 novum
537 984 700 1045 lucremur
723 985 910 1060 terminum,
934 1000 1032 1058 quem
1055 982 1301 1061 probabiliorem
1324 995 1397 1043 ease
1419 979 1575 1055 perhibet,

306 1096 368 1141 non
392 1082 515 1157 probat.

350 1183 471 1245 Deinde
503 1200 579 1246 vero
608 1185 840 1260 gravissimum
872 1185 982 1246 obstat
1011 1184 1262 1246 incommodum.
1293 1183 1377 1244 Nam
1409 1195 1524 1242 verum
1547 1180 1576 1240 ei

306 1284 464 1346 divinavit
505 1285 632 1380 Meyer,
666 1285 839 1348 nonnullae
876 1286 1006 1360 quidem
1041 1287 1164 1348 iormae
1198 1284 1390 1347 Homericae
1425 1283 1576 1358 poterunt

306 1387 460 1463 explicari
495 1391 529 1450 et
558 1389 696 1467 defendi,
726 1390 784 1452 sed
813 1390 958 1465 pluribus
989 1405 1105 1465 parum
1134 1389 1264 1466 prodest
1293 1387 1364 1449 elue
1392 1384 1574 1446 inventum.

306 1489 398 1550 iiitto
421 1505 506 1551 nunc
530 1491 652 1553 formas
674 1487 765 1574 ὁράᾳς
788 1487 863 1575 ὁράᾳ
887 1493 920 1553 et
942 1491 1077 1568 similes,
1101 1491 1135 1552 in
1157 1491 1274 1568 quibus
1292 1487 1573 1551 assimulationem

305 1592 463 1653 inversam
492 1593 580 1654 cerni
609 1593 765 1670 perhibet,
796 1609 872 1655 cum
903 1595 1014 1654 tamen
1045 1591 1152 1668 potius
1182 1587 1273 1671 ὁρέεις
1304 1585 1379 1668 ὁρέει
1404 1590 1463 1650 aut
1485 1587 1573 1648 certe

306 1689 409 1772 ὁράαις
433 1689 519 1773 ipsias
542 1694 782 1770 expectaveris;
805 1697 863 1756 sed
886 1695 918 1756 id
940 1694 1071 1768 quidem
1093 1696 1219 1756 certum
1241 1694 1302 1770 eet,
1326 1689 1572 1754 assimulatione

306 1813 348 1858 ex
382 1793 505 1878 ὀράουσι
536 1799 570 1860 et
594 1793 733 1876 ‹ipdevm
757 1813 923 1873 nunquam
947 1797 1072 1874 prodire
1095 1797 1240 1873 potuisse
1263 1795 1385 1857 formas
1409 1789 1516 1872 ὀρόωσι
1539 1793 1573 1852 ei

305 1895 460 1978 optumas,
492 1900 549 1962 sed
582 1896 703 1980 ὁρόουσι
737 1901 770 1962 ot
804 1896 950 1980 ὁρόονιαι,
983 1915 1087 1974 neque
1121 1915 1162 1961 ex
1196 1894 1327 1977 opolouoa
1358 1892 1485 1976 ὁρόωσα,
1514 1892 1572 1955 sod

304 1996 442 2079 ὁρόουσα.
474 1999 586 2078 Quivis
616 2003 677 2064 hoc
706 2001 821 2062 statim
852 2001 951 2078 videt,
983 2016 1087 2074 neque
1117 2001 1148 2062 id
1179 2000 1262 2074 tingit
1292 1999 1474 2073 Meyerum;
1498 2011 1572 2070 qua·

304 2103 433 2176 propter
463 2101 664 2176 refingendas
696 2104 807 2164 censet
838 2103 959 2165 formas
986 2116 1204 2177 omnesquae
1229 2098 1474 2162 assimulatione
1496 2094 1574 2157 oriri

304 2216 367 2261 non
390 2203 573 2278 potuerunt,
597 2205 698 2276 utque
721 2197 858 2281 ὁρόονται
881 2205 915 2264 et
937 2198 1066 2281 dpdeeca
1090 2202 1122 2261 in
1146 2202 1242 2262 textu
1266 2199 1438 2260 Homerico
1457 2196 1572 2258 scriba·

306 2317 380 2362 mue
402 2303 495 2363 nobis
517 2304 630 2363 auctor
652 2303 712 2364 est.

348 2402 525 2464 Videamus
555 2405 667 2465 tamen
699 2403 776 2477 quid
805 2403 853 2464 sic
883 2401 950 2464 ilat.
982 2401 1162 2478 Explicatio
1192 2401 1258 2480 iila,
1289 2416 1372 2475 quae
1399 2399 1494 2460 modo
1516 2414 1574 2474 epe

304 2505 428 2564 erectos
454 2504 586 2565 tenebat
608 2505 675 2564 iore
698 2506 737 2564 ut
759 2503 830 2565 eius
853 2520 912 2579 ope
935 2504 1104 2579 perspicua
1127 2502 1241 2564 flerent
1265 2517 1347 2576 quae
1370 2504 1468 2563 antea
1489 2500 1574 2562 vide·

304 2605 422 2665 bantur
451 2604 601 2679 absurda,
624 2606 665 2665 ad
689 2605 897 2679 explicandas
918 2605 1040 2664 formas
1063 2619 1201 2678 quarum
1224 2603 1420 2677 ingratiam
1442 2603 1576 2664 inventa

306 2707 356 2766 esi
389 2686 510 2781 parum¹
537 2704 633 2780 valet,
666 2708 699 2765 et
730 2707 799 2764 tum
832 2705 965 2765 demum
995 2719 1055 2764 nos
1085 2704 1198 2765 iurare
1228 2703 1347 2779 poterit
1380 2719 1456 2765 curn
1487 2703 1575 2779 ipsas

305 2807 378 2867 illas
402 2806 524 2867 formas
547 2808 588 2867 ad
612 2809 761 2868 nostrum
784 2806 954 2867 arbitrium
978 2806 1225 2867 mutaverimus.
1249 2805 1361 2866 Novua
1380 2819 1483 2866 canon
1505 2805 1574 2865 tali-

305 2909 365 2970 bus
388 2909 520 2970 demum
546 2910 709 2971 vocabulis
728 2910 846 2986 poterii
865 2909 1017 2986 applicari
1037 2924 1119 2984 quae
1139 2908 1179 2970 ad
1200 2908 1306 2984 ipsam
1326 2909 1409 2969 hanc
1428 2905 1574 2982 reguiam

305 3011 394 3086 prius
424 3011 543 3073 luerint
572 3012 695 3074 directa
717 3015 750 3074 et
772 3011 930 3074 dedolata.
954 3013 1038 3073 iiam
1061 3026 1223 3086 nusquam
1246 3011 1339 3072 extat
1361 3005 1498 3088 iptovrea
1522 3007 1574 3070 vei

305 3107 445 3191 dpdoeea,
478 3127 518 3174 ne
552 3113 584 3174 in
616 3113 786 3176 Homerico
821 3113 951 3188 quidem
986 3115 1080 3175 textu
1111 3113 1331 3175 monstrorum
1363 3111 1573 3174 feracissimo.

305 3214 419 3288 itaque
437 3215 604 3276 fatendum
628 3217 679 3278 est
698 3232 754 3292 per
774 3233 893 3292 gyrum
916 3217 1078 3291 quendam
1097 3230 1156 3276 nos
1176 3215 1362 3306 circumagi,
1382 3213 1445 3275 ilde
1464 3215 1574 3275 autem

305 3317 402 3389 alque
443 3318 636 3378 auctoritate
674 3319 805 3379 omnino
842 3333 951 3379 carere
994 3318 1115 3379 formas
1158 3332 1240 3390 quae
1273 3317 1366 3378 nobis
1399 3317 1576 3378 offerantur

305 3417 460 3490 tanquam
484 3417 676 3480 Homericae
700 3421 734 3480 et
753 3419 841 3494 epico
861 3434 1010 3480 sermone
1034 3417 1128 3480 unice
1150 3419 1275 3493 dignae.

349 3517 547 3595 Quapropter
569 3520 665 3580 vetus
688 3519 976 3594 grammaticorum
999 3519 1155 3596 doctrina,
1179 3534 1262 3592 quae
1282 3519 1333 3580 est
1352 3518 1391 3579 de
1410 3518 1576 3580 vocabulis

305 3635 361 3695 per
393 3616 597 3680 διὲκτασιν
629 3621 775 3698 divulsis,
806 3621 900 3696 longe
930 3622 982 3682 eet
1011 3621 1218 3696 praeferenda
1249 3635 1333 3681 novo
1362 3619 1418 3681 isti
1445 3621 1484 3682 de
1515 3619 1575 3682 Ho-

304 3721 427 3784 merica
460 3724 708 3786 assimulatione
742 3725 869 3801 placito.
907 3721 993 3786 Nc'm
1026 3724 1054 3786 ai
1084 3724 1230 3784 omlacdo
1259 3727 1300 3784 eet
1330 3723 1389 3798 lea,
1421 3723 1577 3798 regnandi

303 3825 409 3898 prolia
430 3825 575 3886 anaiade
598 3830 658 3898 eal;
679 3827 713 3887 et
735 3827 845 3902 regula
864 3828 929 3886 ieta
949 3825 1168 3888 Alexandrina
1186 3839 1285 3886 sanae
1305 3823 1436 3899 quidem
1456 3823 1577 3884 mentis

305 3928 475 4001 praecepta
501 3926 611 4003 violat,
635 3927 692 3988 sed
712 3927 758 3987 ita
782 3929 868 3989 certe
891 3929 1006 4002 regnat
1028 3929 1066 3989 ut
1088 3927 1204 3988 cuncta
1226 3940 1309 3999 quae
1329 3925 1392 3986 huc
1411 3924 1577 3986 referenda

304 4029 382 4088 sunt
400 4027 500 4089 verba
520 4029 615 4104 cogat
639 4029 671 4090 in
692 4044 787 4090 suam
807 4031 973 4107 ditionem,
997 4044 1038 4090 ne
1058 4044 1122 4089 uno
1141 4027 1272 4102 quidem
1283 4026 1428 4102 excepto.
1441 4027 1575 4102 Aptieei·

305 4144 398 4190 mum
420 4130 561 4205 proiecto
584 4133 636 4191 est
658 4131 849 4192 distroiuadi
871 4132 950 4193 iilud
975 4131 1109 4192 verbum
1134 4130 1173 4190 ad
1197 4127 1396 4204 depingenda
1414 4129 1577 4190 tormenta

305 4232 422 4306 quibus
452 4232 611 4307 genuinae
641 4233 764 4296 iormae
794 4236 873 4296 eunt
903 4233 1059 4297 distortae
1091 4235 1134 4310 et,
1165 4231 1268 4294 veluti
1290 4231 1377 4293 servi
1400 4231 1433 4292 in
1456 4230 1576 4309 eculeo,

308 4334 487 4410 ,longiores
518 4337 596 4395 sunt
626 4335 769 4413 iactae”;
802 4338 886 4410 quod
917 4337 1028 4399 autem
1059 4335 1215 4412 maculae,
1248 4350 1268 4396 a
1295 4334 1481 4410 posterioris
1503 4334 1577 4396 aevi

305 4435 489 4496 hominibus
518 4436 626 4497 divino
656 4439 744 4512 operi
774 4441 956 4516 adspersas,
988 4439 1067 4514 ipsis
1098 4438 1203 4514 poetis
1226 4437 1428 4512 imputarunt
1449 4437 1578 4498 veteres

304 4537 510 4611 grammatici
541 4539 575 4598 et
605 4539 786 4600 imitatione
817 4539 931 4614 dignae
959 4539 1109 4616 habuere,
1137 4538 1243 4615 ,diese
1266 4537 1487 4611 Ausobauung
1509 4552 1577 4597 vvar

308 4653 387 4714 ,nur
410 4638 443 4698 in
463 4636 559 4712 Folge
577 4638 634 4699 dea
654 4639 702 4699 cit
720 4641 908 4702 erwahnten
929 4640 1090 4701 Irrthums
1109 4637 1260 4715 mogliclr,
1280 4637 1357 4698 dass
1377 4636 1428 4699 die
1446 4637 1578 4698 Dichter

308 4740 424 4816 ,metri
455 4755 553 4802 causa
583 4740 646 4802 aile
676 4741 858 4814 mogiiciren
893 4740 1291 4816 Proirruateaoperationen
1320 4739 1391 4802 sich
1421 4739 1578 4815 gestattet

308 4843 473 4920 „hatten”
498 4844 535 4903 ut
556 4844 630 4903 utar
655 4843 763 4905 verbis
785 4859 869 4920 quae
892 4845 1032 4921 curtius,
1055 4843 1094 4904 dc
1114 4841 1310 4905 subiunctivi
1329 4842 1443 4904 iorrnis
1463 4841 1577 4904 Home·
