3958 5696
1031 685 1096 746 578
1576 691 1606 762 [ὓ
1629 692 1689 752 aad

582 880 640 932 odo
662 871 718 953 γάρ
741 865 763 951 χ’
780 867 895 952 Ἕκτορ’
921 869 1073 951 Horaba,
1097 871 1183 936 treci
1206 873 1284 953 μάλα
1307 897 1352 936 τοι
1374 875 1478 956 σχεδὸν
1508 867 1607 954 ἦλθε,

425 991 510 1038 nunc
532 973 693 1036 Hectorem
716 990 865 1051 occupare
887 975 961 1054 lico,
984 992 1057 1038 aas
1082 976 1117 1036 ia
1136 977 1288 1052 procimo
1309 978 1424 1038 uicinia
1445 982 1587 1038 vereatur
1609 976 1639 1048 ¹).

469 1179 561 1240 Nunc
584 1177 753 1239 videamus
776 1193 909 1240 versum
932 1200 952 1238 υ
978 1180 1057 1240 lat:

579 1277 650 1340 oda
673 1277 718 1338 ἄν
741 1301 793 1356 μιν
816 1288 884 1356 νῦν,
904 1276 1017 1357 τὲιινον,
1039 1277 1174 1342 ἀναίτιον
1197 1280 1315 1366 αἰτιόῳο
1339 1283 1371 1353 (Ι.
1397 1282 1497 1353 νέοιο).

425 1382 531 1443 Verba
552 1383 632 1442 baec
653 1382 733 1442 eunt
755 1380 941 1458 nurycleae,
964 1397 1063 1455 quam
1090 1382 1302 1444 Telemachus
1322 1384 1421 1446 sicin
1442 1385 1589 1444 versibus
1607 1399 1690 1459 prce

426 1483 613 1543 cedentibus
643 1481 871 1554 interrogavit:
906 1483 1082 1557 ,numquid
1112 1483 1274 1557 hospitem
1306 1487 1412 1544 mater
1434 1499 1509 1545 mea
1530 1484 1618 1546 laute
1641 1485 1691 1544 ba·

429 1583 518 1659 ,buit
546 1597 600 1643 me
630 1581 775 1657 absente,
807 1595 848 1641 an
881 1596 955 1642 vero
985 1597 1060 1642 eum
1087 1581 1242 1658 neglexit,
1265 1584 1303 1643 ut
1324 1584 1447 1645 assolet
1470 1585 1585 1660 probos
1610 1585 1690 1645 virm

428 1683 638 1760 ,posthabere
679 1696 820 1754 nequam
857 1681 1062 1743 homunculis
1070 1683 1109 1743 ?''
1143 1683 1314 1756 Indignata
1350 1685 1522 1758 respondet
1556 1683 1689 1745 ancilia:

428 1785 588 1860 ,iniustus
619 1797 655 1843 es
686 1797 763 1857 erga
784 1785 925 1843 matrem
948 1784 1051 1858 tuam,
1075 1798 1178 1856 neque
1202 1784 1302 1845 babeo
1324 1785 1409 1859 quod
1433 1786 1597 1847 socordiae
1620 1800 1690 1846 eam

429 1885 594 1960 ,incuses;
617 1882 698 1943 bibit
720 1883 837 1958 bospee
860 1885 1018 1957 quantum
1042 1883 1145 1960 libuit,
1169 1884 1267 1960 dapes
1290 1885 1351 1945 sibi
1375 1885 1501 1946 oblatae
1522 1887 1689 1960 recusavit,

430 1999 533 2064 ,nunc
562 1983 698 2045 dormit:
725 1984 802 2057 quid
825 1984 951 2060 poterat
972 1981 1040 2044 fleri
1063 1983 1215 2060 amplius,
1238 1985 1369 2046 etiamsi
1393 1987 1462 2062 ipse
1487 1987 1689 2048 admisseei”

425 2086 495 2148 Non
526 2084 620 2147 video
649 2083 749 2158 igitur
778 2099 875 2158 quem
906 2099 1040 2145 sensum
1068 2084 1186 2145 babeat
1215 2087 1344 2159 negatio
1373 2101 1439 2160 qua
1462 2103 1546 2149 anus
1569 2102 1690 2164 respon·

426 2188 502 2249 dere
525 2186 656 2261 incipit:

581 2285 652 2350 οὖν
675 2282 714 2348 dv
737 2308 789 2366 μιν
811 2293 879 2365 νῦν,
900 2284 1014 2364 chono,
1037 2283 1172 2348 ἀναίτιον
1195 2285 1321 2348 ιιΞτιᾶοιο
1345 2292 1375 2359 ²).

427 2391 534 2452 Immo
561 2390 775 2452 restituamus
799 2389 831 2452 id
852 2389 937 2464 quod
960 2389 1087 2463 flagitet
1108 2404 1189 2451 sana
1212 2390 1312 2454 ratio:

582 2483 602 2574 ἦ
624 2489 666 2554 ct
673 2515 692 2553 ν
715 2513 767 2571 μιν
790 2499 858 2570 νῦν,
879 2488 993 2569 τέκνον,
1016 2487 1149 2552 ἀναίτιον
1172 2490 1306 2552 «tutuo.

472 2598 591 2659 Veram
620 2598 704 2659 banc
734 2611 807 2658 esse
838 2597 872 2656 et
901 2597 1025 2657 certem
1056 2595 1315 2656 emendationem
1340 2596 1394 2669 qui
1418 2598 1573 2674 concedit,
1598 2598 1691 2658 simui

429 2699 600 2761 concedere
630 2712 693 2758 non
722 2696 892 2773 recusabit,
915 2697 1001 2758 bunc
1023 2710 1156 2756 versum
1181 2696 1293 2756 reterri
1323 2711 1418 2770 posse
1441 2699 1525 2758 inter
1548 2698 1694 2773 exempla

428 2799 603 2861 manifesta
624 2797 801 2874 particulae
823 2817 875 2856 ιεν
897 2811 918 2856 a
939 2795 1170 2871 posterioribus
1192 2795 1226 2854 in
1249 2791 1287 2854 tv
1310 2790 1693 2876 mutatae31'1m,quod

426 2901 523 2976 poeta
545 2898 686 2975 dederat,
710 2898 743 2959 in
766 2894 803 2958 od
826 2918 878 2957 m
908 2911 987 2959 casu
1009 2897 1149 2972 quodem
1180 2897 1365 2972 corruptum
1390 2899 1451 2974 est,
1477 2900 1561 2972 quod
1584 2901 1693 2962 deinde

426 3001 487 3062 boo
513 3000 594 3074 ioco,
624 3002 663 3060 ut
684 2998 761 3060 aiibi
784 2999 917 3076 passim,
941 2998 1022 3060 abiit
1042 2999 1076 3058 in
1100 2995 1155 3058 oda
1177 2993 1224 3056 tv.
1248 2996 1402 3058 Videatur
1424 2997 1507 3059 inira
1539 3015 1611 3075 pag.
1630 3001 1691 3060 584

427 3103 494 3163 not.
521 3103 538 3162 1
563 3102 603 3163 de
626 3102 646 3159 1
667 3101 740 3161 167.

466 3299 564 3358 Porro
586 3297 638 3357 bic
660 3297 944 3356 commemoranda
967 3298 1019 3356 est
1042 3296 1285 3370 elegantissima
1308 3299 1471 3372 eorrectio,
1496 3313 1560 3371 qua
1585 3299 1690 3358 biomo

424 3395 611 3472 personavit
645 3410 776 3456 versum
820 3395 857 3451 M
891 3395 944 3470 41,
987 3394 1041 3454 ubi
1078 3391 1117 3452 civ
1149 3395 1260 3468 aperto
1291 3396 1370 3455 vitio
1410 3411 1485 3457 cum
1520 3397 1691 3458 indicativo

425 3495 606 3572 praesentis
628 3494 775 3555 luncmm
798 3494 849 3554 eet
875 3494 926 3564 (ci.
950 3494 969 3564 ἐ
994 3494 1057 3554 122
1079 3493 1158 3570 ρος(
1175 3496 1268 3564 toti:

581 3591 621 3669 ὡς
644 3589 672 3655 δ’
699 3588 738 3655 ὅτ’
762 3589 806 3653 ἃν
829 3591 861 3654 ἓν
882 3616 912 3655 τε
934 3595 1055 3656 κύνεσσι
1077 3592 1128 3655 aci
1149 3591 1275 3674 ἀνδράσι
1297 3599 1466 3676 &uppetona

580 3695 705 3776 κάπριος
727 3690 763 3774 ἠδ
782 3690 858 3754 λέων
880 3692 1093 3774 στρέφεται
1115 3692 1219 3754 σθένεϊ
1237 3694 1428 3773 βλεμεαίνων.

424 3799 582 3863 Restituit
603 3798 713 3860 iionro
735 3799 848 3874 poetae
871 3813 1007 3859 manum
1030 3797 1126 3860 Hom.
1151 3796 1308 3859 Gramm.¹
1332 3795 1352 3873 5
1375 3797 1428 3874 82,
1451 3799 1617 3861 scribendo

581 3895 620 3972 ὣς
645 3893 675 3959 d’
701 3893 739 3959 ὅτ’
761 3895 906 3959 ἔναντα
930 3897 1049 3959 κύνεσσι
1072 3901 1132 3961 etc.

470 4093 642 4154 Praeterea
670 4089 722 4150 hic
751 4091 1071 4152 commemorandum
1102 4091 1155 4151 est
1182 4088 1260 4152 illud
1290 4084 1337 4148 dv
1359 4087 1445 4150 τιτὰ
1468 4107 1524 4167 pro
1547 4086 1690 4162 cicuta,

425 4197 466 4258 de
495 4209 558 4270 quo
586 4193 670 4255 inira
699 4206 770 4268 pag.
795 4192 859 4253 584
890 4191 1080 4254 videbimus.
1111 4192 1220 4267 Neque
1247 4192 1322 4254 binc
1348 4191 1473 4255 alienus
1500 4196 1552 4256 est
1577 4210 1689 4256 versus

425 4296 555 4373 spurius
578 4296 636 4355 aut
657 4293 853 4368 depravatus
875 4296 905 4351 Σ
929 4295 1009 4357 192:

428 4443 619 4455 nnn——

457 4521 479 4590 ¹)
495 4526 523 4575 iit
539 4524 598 4584 quib
614 4523 689 4570 naut
706 4528 747 4568 obv
763 4525 808 4587 γάρ
825 4522 848 4582 ί
864 4521 954 4588 Ἕκτορ’
974 4526 1039 4578 noce.
1057 4523 1105 4570 tnui
1125 4517 1138 4581 ἦ
1154 4525 1218 4580 μάλα
1239 4535 1275 4567 τοι
1298 4521 1385 4579 σχεδὸν
1403 4517 1467 4580 ἧλοι,
1485 4523 1616 4584 aliquanto
1631 4536 1688 4583 pru·

423 4604 483 4664 pins
500 4602 686 4650 adlectionem
704 4599 837 4659 vulgatam
854 4600 986 4656 moedons,
1004 4613 1054 4647 non
1074 4611 1222 4659 repugnem.

455 4679 476 4743 ¹)
494 4681 589 4730 Parum
615 4677 731 4740 proderit
752 4678 893 4726 contulisse
917 4691 1020 4727 remum
1043 4679 1253 4740 dissimillimum,
1270 4679 1303 4726 ad
1323 4693 1400 4740 quem
1416 4679 1627 4742 interpretatores
1644 4693 1688 4728 οοι

425 4759 553 4821 ablegant,
579 4773 595 4806 ο
618 4757 675 4805 tii.
701 4756 759 4804 Dici
784 4769 907 4816 umqum
932 4757 1049 4817 potuine
1075 4759 1118 4804 otu
1142 4755 1172 4804 tv
1196 4761 1287 4818 ποιοιῃς
1310 4771 1357 4818 pro
1377 4757 1411 4817 pi
1431 4762 1528 4820 nutam
1551 4759 1593 4807 val
1615 4761 1643 4805 το
1657 4757 1688 4816 μή

424 4840 533 4896 natoue
550 4847 608 4884 cru
624 4833 740 4891 credam
757 4833 823 4881 illud
840 4833 968 4893 demumr
979 4830 1067 4896 soom
1082 4845 1129 4880 ιιοιι
1140 4835 1240 4896 potu,
1257 4833 1307 4881 boo
1319 4830 1408 4896 soem
1422 4847 1469 4883 ιιοιι
1485 4834 1583 4883 Μαι.
1675 4878 1678 4884 .
