3908 5724
317 691 335 761 5
361 691 434 762 129]
911 692 974 753 827

316 877 527 941 conformatio
561 893 758 954 quamquam
794 879 834 940 ab
868 878 973 941 indole
1005 878 1133 954 linguae
1163 878 1272 954 opicae
1302 895 1366 942 non
1399 881 1451 942 est
1481 881 1588 944 aliena

316 981 390 1054 (vid.
414 977 812 1060 dyepecdyello'g-lpyeidrop,
831 979 1070 1062 βροτός-βρότεος
1093 981 1172 1052 §61
1198 983 1282 1058 etc),
1302 983 1385 1057 apud
1407 983 1587 1046 Homerum

316 1083 427 1143 tarum
451 1097 515 1142 non
538 1083 705 1156 reperitur.
739 1081 848 1143 Unum
872 1082 1010 1144 fortasse
1034 1083 1096 1144 huc
1118 1082 1258 1157 pertinet
1281 1083 1477 1144 adlectlvum
1502 1081 1590 1162 ἕσεός,

316 1182 344 1242 si
366 1181 496 1255 quidem
519 1184 606 1242 recte
625 1197 646 1242 a
668 1183 774 1243 radice
798 1183 886 1243 verbi
906 1175 982 1242 εἶναι
1002 1183 1172 1257 repetitum
1201 1197 1284 1256 quae
1303 1183 1473 1256 originatio
1492 1185 1587 1259 algni-

316 1281 464 1342 ficatione
494 1281 591 1340 huius
620 1281 770 1342 adleciivi
800 1281 983 1342 confirmari
1015 1281 1151 1355 videtur,
1182 1283 1311 1356 propter
1340 1283 1447 1356 sigma
1476 1284 1587 1344 tamen

316 1382 500 1458 neglectum
524 1383 659 1442 minime
683 1384 773 1443 certa
794 1385 854 1442 est.

360 1483 506 1544 Primum
526 1483 711 1544 huiusmodi
738 1483 933 1545 adlectivum
956 1483 1040 1558 apud
1064 1482 1241 1543 Hesiodum
1261 1483 1354 1542 extat
1374 1482 1406 1542 ln
1425 1481 1586 1546 locutione

313 1579 350 1644 od
372 1605 399 1643 u
421 1581 541 1660 φατειός
563 1583 735 1661 ineffabilia,
769 1583 931 1662 aesoodae,
956 1585 1074 1658 Theop.
1100 1583 1165 1644 810
1189 1582 1275 1644 Scut.
1304 1583 1377 1660 144,
1403 1585 1484 1661 1613
1509 1585 1585 1660 quid

313 1687 399 1746 enim
430 1686 491 1747 hoc
520 1686 572 1746 est
601 1685 664 1746 nisi
687 1681 826 1761 ἅφοσοςῗ
860 1686 934 1748 Mox
959 1700 1034 1746 vero
1057 1684 1199 1746 decrevit
1222 1683 1439 1759 diphthongus
1462 1705 1527 1764 -εο,
1551 1688 1585 1748 et

313 1787 585 1861 quemadmodum
615 1803 633 1848 e
663 1786 796 1866 χρύσειος
827 1788 950 1849 iactum
974 1789 1026 1849 est
1048 1785 1179 1864 χρύσεος,
1202 1785 1249 1846 slc
1271 1785 1414 1847 verbalia
1436 1787 1470 1848 ln
1493 1809 1583 1860 -οειος

313 1889 574 1950 terminationem
598 1909 675 1962 -οεος
699 1891 901 1967 acceperunt,
928 1903 991 1963 qua
1014 1887 1171 1949 Pindarus
1194 1886 1242 1948 01.
1263 1887 1334 1949 116
1357 1889 1485 1964 etpost
1506 1905 1582 1952 eum

314 1991 409 2052 multi
432 1990 483 2052 usi
506 1992 593 2052 sunt.

356 2193 378 2276 ᾖ
401 2193 473 2261 leh.
496 2195 779 2258 substantivorum
803 2196 983 2260 verbalium
1014 2211 1089 2259 cum
1112 2211 1169 2272 per
1190 2195 1295 2257 totam
1318 2193 1464 2271 linguam
1488 2195 1582 2259 Grae·

312 2313 383 2360 cam
407 2301 479 2360 tum
501 2299 694 2374 praesertim
716 2299 748 2360 in
772 2299 910 2362 dictione
932 2300 1057 2376 poetica
1080 2313 1199 2374 magna
1221 2299 1273 2359 est
1295 2297 1502 2361 abundantia.

356 2401 408 2461 Sic
441 2401 574 2462 nomina
608 2401 734 2476 agentis
764 2402 797 2462 in
827 2423 899 2480 -rop
929 2400 1120 2476 desinentia,
1151 2415 1169 2460 e
1201 2415 1265 2473 quo
1288 2414 1405 2472 genere
1429 2416 1495 2462 una
1517 2417 1581 2463 vox

310 2500 406 2581 ῥήτωρ
440 2504 553 2579 postea
586 2505 753 2578 superstes
782 2503 852 2580 luit,
884 2503 967 2580 apud
999 2503 1177 2564 Homerum
1209 2499 1413 2575 reperiuntur
1442 2497 1581 2581 ἀμύντωρ

310 2601 460 2684 ἒπιβώτωρ
493 2605 605 2683 Ησσωρ
639 2599 755 2685 σ’ργήσωρ
787 2605 887 2686 throp
918 2604 1035 2684 μήστωρ
1063 2605 1189 2678 aliaque
1213 2603 1327 2664 multa.
1359 2603 1473 2665 Brevis
1497 2605 1582 2667 solet

311 2723 382 2771 esse
409 2709 526 2770 horum
549 2709 718 2770 nominum
744 2709 913 2788 vocalisu,
935 2726 962 2770 e.
975 2724 1005 2784 g.
1029 2707 1122 2786 δῶτορ
1142 2710 1166 2765 t
1186 2707 1267 2782 835;
1293 2706 1447 2768 nonnulla
1470 2710 1581 2771 tamen

311 2811 405 2886 longo
439 2813 550 2888 stirpis
586 2827 664 2872 sono
695 2835 718 2872 ο
748 2813 894 2887 utuntur,
929 2828 957 2873 e.
981 2827 1011 2886 g.
1043 2817 1182 2890 μησσῶρα
1212 2807 1321 2888 φόβοιο
1355 2809 1468 2871 0108
1500 2813 1580 2888 etc.;

309 2913 485 2975 artissimis
516 2916 627 2975 autem
654 2914 790 2975 vinculis
814 2916 963 2976 cohaeret
985 2911 1142 2975 suffixum
1165 2933 1237 2990 -σορ
1261 2927 1337 2973 cum
1360 2911 1480 2974 suffixo
1503 2935 1582 2992 -σηρ,

308 3015 346 3074 de
376 3030 439 3088 quo
469 3017 536 3076 iarn
567 3017 683 3076 dicturi
716 3032 841 3093 sumus,
873 3017 966 3078 culus
992 3015 1102 3077 suillxi
1125 3028 1286 3087 nusquam
1310 3028 1372 3073 non
1396 3014 1582 3089 producitur
1688 3035 1690 3041 ⁸

309 3115 440 3176 vocalis.

351 3217 590 3279 Terminalibus
619 3217 698 3296 -τήρ,
729 3219 822 3281 cuius
848 3219 1041 3281 femininum
1068 3219 1120 3278 eet
1141 3219 1245 3294 -rrrpd,
1266 3214 1307 3276 ad
1330 3216 1480 3277 homines
1503 3217 1581 3279 indl-

307 3318 426 3379 candos
445 3335 553 3380 sermo
572 3322 720 3396 pedester
731 3323 845 3398 postea
858 3321 908 3382 uti
927 3336 990 3381 non
1011 3317 1137 3382 solebat
1148 3320 1181 3393 ¹),
1202 3316 1259 3377 sed
1280 3315 1421 3379 Homero
1439 3319 1582 3382 accedes

307 3414 419 3498 ἆρητήρ
453 3421 580 3498 dlcltur,
609 3425 719 3498 pastor
751 3421 843 3500 βοτήρ
882 3422 969 3492 (fem.
1004 3418 1156 3499 -βόσειρα),
1186 3421 1295 3478 arator
1325 3414 1445 3498 ἆροσήρ,
1475 3424 1581 3481 orator

307 3517 409 3596 ρητήρ,
432 3523 604 3596 praedator
633 3520 764 3599 ιηϊστήρ,
790 3537 907 3598 procus
936 3520 1069 3598 μνηστήρ
1093 3521 1172 3594 etc.;
1204 3535 1262 3578 nec
1286 3532 1349 3578 non
1372 3519 1582 3582 instrumento

308 3619 404 3680 huius
425 3619 535 3682 suillxl
559 3637 618 3696 ope
642 3621 835 3693 indicantur,
858 3623 1018 3683 translata
1042 3618 1219 3681 voluntatis
1240 3617 1430 3692 consiliique
1450 3621 1580 3683 notione

307 3719 347 3781 ad
379 3737 430 3783 ros
459 3721 631 3801 induithes,
662 3741 690 3786 o.
714 3739 744 3799 g.
770 3721 891 3802 ζωστήρ,
921 3719 1041 3802 ἀορτήρ,
1063 3718 1165 3800 ῥϋσὴρ,
1187 3717 1319 3798 paoercia
1341 3717 1463 3798 κρησήρ,
1485 3724 1581 3799 iaper-

307 3821 360 3902 τήρ
383 3819 416 3895 ²).
452 3825 509 3887 (lui
539 3827 612 3888 usui
643 3828 742 3889 etiam
774 3824 917 3888 verbalia
948 3828 980 3888 in
1010 3824 1075 3898 -εύς
1098 3823 1253 3886 nonnulla
1281 3823 1473 3902 inserviunt,
1497 3839 1524 3886 e.
1548 3839 1579 3900 g.

307 3919 391 4004 ὀχεύς
415 3923 614 4006 ἀμφιφορεύς.

351 4027 501 4090 verbalia
524 4028 557 4090 in
576 4050 645 4107 -μος
666 4031 724 4090 aut
743 4029 836 4108 «lipia
860 4031 910 4102 (ci.
924 4031 942 4101 5
955 4033 1008 4101 34)
1032 4029 1137 4092 multa
1159 4029 1340 4090 occurrunt:
1365 4025 1478 4105 δασμός
1501 4033 1580 4088 κλισ-

307 4127 361 4205 pic
384 4129 491 4208 δεσμός
513 4128 664 4206 πλόκαμος
687 4129 798 4209 πότμος
820 4129 933 4209 idlpog
956 4135 1028 4208 ete,
1052 4125 1206 4205 κλαυθμός
1230 4121 1381 4205 ὀρχηθμός
1405 4129 1466 4190 etc.

342 4455 360 4520 Ι)
378 4459 441 4508 Nam
464 4473 540 4508 voees
562 4463 639 4528 πατὴρ
661 4465 737 4528 μήτηρ
762 4467 869 4529 θυγάτηρ
891 4468 979 4530 γαστήρ
1000 4467 1074 4530 ἀστὴρ
1096 4465 1160 4532 huelp,
1181 4477 1248 4525 quae
1267 4464 1371 4512 brevem
1390 4464 1487 4514 habent
1503 4479 1578 4514 voot-

307 4539 367 4596 lam,
384 4538 435 4587 bno
453 4540 538 4588 minna
555 4541 692 4601 pertinent.

340 4616 360 4676 ²)
378 4618 444 4666 Item
470 4633 517 4667 aon
542 4619 645 4677 lrekkn,
669 4619 759 4679 blaker,
786 4621 881 4686 ἄνομα.
906 4622 1002 4680 hade,
1028 4623 1109 4672 iam
1133 4625 1182 4672 eie.
1199 4650 1232 4660 —
1255 4623 1352 4672 Eadem
1375 4627 1474 4674 ratione
1501 4625 1580 4675 trata

305 4695 426 4745 dicuntur
450 4699 523 4752 docel.
548 4699 609 4758 qnia
639 4701 732 4748 molem
758 4703 982 4764 superimpositam
1007 4703 1132 4766 excipient
1159 4703 1212 4750 slva
1237 4703 1366 4768 fulciant:
1394 4707 1421 4752 et
1444 4707 1579 4768 σμοφοηις

309 4780 335 4822 ¹1¹
359 4777 406 4824 lla
433 4778 556 4824 vocantur
578 4778 639 4825 tecti
664 4777 779 4842 adeius,
801 4781 846 4840 qul
869 4781 919 4830 sibl
936 4783 1045 4830 invicem
1062 4783 1188 4830 comeant
1205 4783 1232 4828 et
1250 4783 1411 4831 extremitate
1429 4784 1578 4846 iunguntur,

310 4855 417 4915 perlnrla
434 4858 511 4916 atque
529 4857 607 4904 tibiae
625 4857 714 4904 dextra
732 4873 762 4906 ao
779 4859 890 4908 sinistra.
