4100 5724
1040 699 1104 761 488
1585 699 1615 772 [5
1640 702 1696 762 iai

439 883 494 949 ico
521 890 546 948 li
569 891 633 950 325
656 911 675 947 α
700 889 740 950 70
763 889 794 950 b.
818 889 878 964 Ap.
906 889 977 964 156,
1000 885 1033 947 id
1055 887 1088 946 ln
1112 881 1146 946 io
1170 887 1316 948 maximo
1339 901 1499 948 consensu
1523 889 1699 950 correctum

438 993 490 1054 est
520 991 570 1064 (ci.
601 989 622 1068 ξ
652 993 715 1061 bil).
748 989 917 1054 Praeterea
946 989 1121 1052 relativum
1153 989 1193 1052 ad
1224 985 1334 1071 ἐέρρσν
1364 1005 1464 1065 quam
1487 990 1527 1052 ad
1550 987 1700 1068 ρυιάσνσα

437 1094 548 1157 reterri
578 1093 692 1172 malls;
720 1093 856 1168 denique
878 1089 1052 1172 ἐράασθε
1074 1092 1217 1168 pessima
1240 1095 1291 1154 est
1313 1092 1417 1154 torma
1440 1109 1496 1169 pro
1519 1089 1627 1174 ἐρσσθε
1649 1093 1699 1164 (ci.

436 1197 456 1274 e
480 1195 578 1269 soei).
601 1196 665 1258 vix
687 1196 831 1272 praestat
853 1195 936 1268 quoe
960 1196 1063 1256 metro
1086 1193 1188 1255 invito
1208 1195 1242 1256 P.
1264 1195 1388 1271 anigno
1407 1195 1506 1257 euru
1526 1193 1560 1255 σσ
1579 1193 1612 1256 re
1631 1194 1699 1274 αρε

337 1319 339 1324 -
435 1293 459 1379 7⁸
493 1296 631 1378 ερσασα
661 1296 779 1359 merrus
811 1297 862 1357 eet
885 1295 968 1369 quoe
991 1295 1103 1356 nauci
1125 1296 1291 1371 proposuit
1314 1293 1348 1356 a
1371 1290 1487 1377 πάντ’
1514 1292 1699 1376 θεάσασθε

436 1397 543 1458 christ
576 1397 716 1473 praerert
746 1395 900 1458 leniorem
932 1395 1162 1457 correctionem
1192 1393 1226 1455 ic
1257 1392 1391 1473 σράσθεν
1421 1389 1445 1476 γ’
1477 1392 1615 1476 ἐράασθε,
1643 1397 1698 1458 sed

434 1497 523 1560 addit
556 1497 817 1560 recentissimum
852 1512 925 1558 esse
957 1497 1063 1558 locum
1098 1511 1201 1570 neque
1232 1494 1331 1569 igitur
1361 1497 1552 1559 tentandum
1583 1498 1697 1572 vidam

435 1615 537 1676 neque
571 1600 666 1660 aliter
699 1598 854 1660 iudicavit
886 1597 972 1660 Fick.
1006 1599 1051 1658 At
1083 1611 1227 1671 unquam
1262 1611 1283 1658 a
1312 1597 1454 1674 Graecis,
1484 1599 1538 1672 qui
1568 1599 1695 1672 quidem

434 1701 554 1764 Graece
587 1701 707 1762 scirent
741 1701 774 1762 et
806 1701 913 1762 artem
947 1699 1101 1761 callerent
1134 1701 1343 1760 hexametros
1377 1701 1546 1777 pangendi,
1576 1701 1695 1762 dictum

434 1819 507 1865 esee
537 1799 587 1880 ἕης
610 1817 666 1878 pro
688 1792 735 1880 ἧς,
759 1801 791 1864 ld
814 1803 942 1864 credere
966 1802 1081 1864 durum
1105 1803 1174 1875 est;
1198 1802 1391 1875 quapropter
1413 1802 1513 1862 etiam
1536 1803 1569 1862 in
1593 1802 1696 1862 Patro·

434 1903 522 1966 claae
552 1905 613 1965 bac
642 1906 744 1980 parte,
774 1917 857 1978 quae
887 1919 959 1964 sero
985 1903 1077 1964 liladl
1101 1903 1224 1964 ineerta
1248 1915 1320 1963 esse
1345 1901 1480 1978 videtur,
1506 1903 1698 1964 correctione

433 2004 556 2078 indiget
586 2019 700 2066 versus
730 2007 800 2066 tam
831 2004 922 2066 foede
951 2007 1119 2080 corruptus
1141 2005 1179 2065 ut
1200 2018 1221 2065 a
1243 2003 1383 2080 nemine,
1407 2003 1470 2064 nisi
1493 2004 1575 2066 torte
1596 2019 1617 2064 a
1639 2003 1696 2076 By·

433 2105 563 2168 zantino
592 2105 700 2182 aliquo
737 2107 877 2185 bomine,
908 2107 956 2169 sic
977 2108 1015 2168 ut
1037 2121 1121 2167 nunc
1144 2105 1261 2180 legitur
1283 2106 1425 2181 potuerit
1446 2107 1552 2168 scribi.
1577 2105 1695 2167 Verum

432 2223 603 2272 revocasse
625 2223 684 2272 nos
706 2225 876 2286 speremus
898 2209 1101 2272 rescribendo

609 2309 776 2390 φυλόπιδος
798 2309 942 2392 Ηργσν
966 2310 1146 2392 μεγάλης,
1164 2317 1231 2371 τοῦ
1253 2307 1324 2390 noio
1347 2330 1417 2391 στερ
1440 2308 1596 2391 ἐρασθε.

432 2413 613 2476 Particulae
641 2409 713 2493 σρέν
738 2432 793 2492 περ
816 2413 916 2474 etiarn
941 2413 969 2470 Ε
994 2413 1055 2474 135
1079 2413 1113 2472 et
1137 2411 1164 2471 Θ
1185 2413 1249 2472 452
1273 2411 1449 2486 iunguntur
1457 2431 1465 2488 ;
1485 2428 1583 2487 quarn
1604 2412 1695 2475 iaclle

431 2516 542 2576 eutem
573 2513 700 2576 litterae
733 2513 1143 2573 ΤΟΠΡΙΝΠΕΡΕΡΑΣΘΕ
1173 2514 1205 2573 in
1236 2513 1587 2576 ΤΟΠΡΙΝΓΕΡΑΣΘΕ
1609 2517 1696 2591 potu·

432 2617 516 2678 erint
536 2615 624 2678 abire
648 2615 705 2676 vix
727 2617 845 2676 attinet
867 2615 1050 2676 observare.

475 2717 687 2780 Communem
716 2719 828 2780 autem
858 2717 1015 2793 originem
1043 2730 1118 2776 oum
1141 2716 1254 2778 iormls
1277 2711 1432 2796 ἀγάασθαι
1455 2714 1595 2798 ἐράασθε,
1617 2731 1696 2791 quas

430 2822 524 2883 modo
555 2821 737 2900 reieclmue,
768 2821 867 2883 habet
896 2821 993 2882 tertia
1023 2835 1158 2896 persona
1188 2814 1363 2900 ἐρέσντσ,
1384 2837 1467 2896 quae
1491 2821 1695 2897 repausare

430 2922 494 2984 398
518 2924 552 2983 et
579 2925 614 2982 Ψ
633 2923 716 2985 aia:

650 3020 806 3095 ἀνστάντες
830 3017 858 3084 i’
884 3017 1047 3103 ὀρέσντσ
1070 3019 1264 3096 κεδασθέντες
1286 3019 1360 3082 κατὰ
1382 3031 1466 3103 νῆας.

649 3119 669 3200 ἣ
692 3117 747 3200 uic
769 3117 813 3202 ἄρ’
839 3113 879 3196 ὥς
900 3117 1037 3182 formed
1062 3120 1235 3202 ἀπεβήσετο,
1256 3121 1301 3185 rot
1326 3118 1357 3183 δ’
1384 3121 1554 3205 ὀρέοντο.

429 3222 532 3300 Quam
554 3237 617 3282 non
641 3221 775 3296 probam
797 3238 869 3284 esse
892 3222 1032 3284 formam
1055 3238 1130 3283 cum
1153 3224 1368 3297 grammatica
1390 3225 1492 3302 docet,
1516 3227 1557 3286 ab
1579 3227 1696 3286 conato

429 3323 527 3399 enim,
558 3323 610 3382 cui
640 3318 674 3402 ὀρ
705 3327 756 3383 est
782 3323 884 3398 radix,
917 3324 991 3397 apte
1014 3323 1128 3384 deduci
1154 3324 1265 3396 nequit
1285 3323 1336 3394 (ci.
1360 3323 1378 3394 5
1403 3319 1501 3402 284⁴),
1526 3328 1598 3386 tum
1623 3341 1698 3385 vero

429 3423 546 3483 vitium
569 3423 703 3485 subesse
725 3423 900 3484 ostendunt
922 3423 1046 3484 codices
1069 3425 1154 3484 inter
1172 3418 1301 3502 ὀρέσντσ,
1320 3419 1449 3503 άρέσντσ,
1469 3421 1598 3503 δράσαντα
1619 3425 1698 3485 vari·

428 3525 532 3585 antes.
563 3522 739 3598 Utrobique
768 3518 920 3601 άρσντσ
951 3521 1158 3598 scripsimue3
1193 3522 1345 3583 vitiosam
1375 3522 1548 3585 lectionem
1572 3538 1696 3600 pepere-

428 3626 506 3684 runt
535 3623 662 3684 litterae
695 3621 859 3682 OPONTO
888 3636 908 3682 a
930 3622 1068 3698 pestana
1091 3621 1177 3682 male
1200 3623 1394 3700 intellectae,
1418 3626 1465 3685 lta
1487 3627 1525 3686 ut
1547 3620 1696 3704 άρσνσσ

429 3724 536 3799 legere
556 3725 619 3784 sibi
643 3722 836 3784 viderentur.

474 3826 626 3901 Superest
655 3825 692 3885 ut
722 3823 833 3897 paucis
864 3823 970 3884 verbis
1001 3838 1139 3898 mamus
1169 3823 1208 3884 da
1240 3824 1363 3886 ratione
1394 3839 1458 3898 qua
1488 3825 1551 3886 Leo
1577 3827 1693 3902 noyer,

430 3927 575 4002 vestigiis
598 3925 785 4000 Goettlingii
808 3925 974 4003 insistens,
994 3925 1151 4000 originem
1172 3925 1359 4004 formarum,
1379 3941 1462 4002 quae
1481 3925 1693 4006 σιεκσεταμέναι

429 4031 536 4093 vocari
558 4029 674 4108 solent,
701 4027 871 4104 indagasse
893 4027 955 4088 sibl
978 4027 1070 4088 visua
1093 4029 1154 4105 est,
1178 4027 1293 4089 Kubns
1316 4029 1424 4090 Zscbr.
1448 4029 1479 4090 X
1502 4044 1531 4105 p.
1557 4033 1599 4092 45
1622 4045 1691 4105 sqq.

429 4133 579 4197 Goncadlt
601 4133 775 4195 absurdam
799 4147 872 4194 esse
895 4131 1123 4192 distractionem
1146 4131 1337 4206 linguaeque
1361 4133 1484 4208 legibus
1507 4149 1692 4212 repugnare,

428 4235 485 4297 sed
512 4236 623 4296 tamen
653 4233 789 4294 minime
812 4231 968 4293 absurdas
992 4234 1104 4292 censet
1127 4232 1248 4292 formas
1271 4235 1459 4296 Homericos
1483 4234 1596 4308 onmes
1619 4238 1696 4297 aunt

428 4333 505 4417 ὁρόω
539 4332 650 4415 boiam
684 4333 915 4396 assimulatione
948 4333 1036 4392 enirn
1071 4334 1165 4392 natas
1201 4347 1274 4394 esse
1308 4334 1473 4396 contendit
1503 4351 1545 4396 ex
1572 4337 1693 4411 apertis

427 4437 541 4500 iormia
564 4433 644 4518 άράσ
668 4433 778 4518 ἐράενν,
799 4451 863 4498 non
886 4449 963 4496 vero
986 4434 1194 4496 distractione
1218 4451 1259 4496 ex
1282 4429 1341 4514 άρσ
1365 4438 1398 4498 et
1420 4431 1494 4514 ὁρᾶν
1508 4438 1538 4509 1).

472 4540 642 4616 Ingeniosa
676 4555 755 4602 eane
790 4538 971 4614 explicatio.
1004 4537 1041 4598 In
1071 4551 1135 4610 que
1165 4538 1275 4599 aman
1306 4539 1420 4599 statim
1450 4539 1560 4600 minus
1589 4537 1693 4614 placet

427 4643 511 4717 quod
543 4641 691 4717 analogia
721 4640 916 4702 corroborari
947 4653 1042 4715 posse
1073 4654 1137 4701 non
1169 4640 1306 4717 videtur,
1337 4640 1384 4701 ita
1414 4643 1451 4702 ut
1476 4656 1533 4716 pro
1555 4642 1693 4702 termino

462 4871 480 4938 1)
498 4874 614 4922 Eundem
632 4887 736 4922 onnam
754 4877 892 4921 unnemnt
910 4873 1021 4929 Οστέἐιισ,
1039 4873 1167 4931 nunguid,
1184 4873 1278 4930 christ,
1295 4871 1408 4929 lisand,
1426 4873 1476 4920 alli.
