3842 5690
952 689 1013 751 128
1520 697 1548 767 [5
1574 697 1615 756 38

351 877 385 936 et
418 872 573 953 βούλομαι,
606 888 688 947 quae
718 875 951 949 diphthongum
983 897 1019 936 oo
1049 890 1106 950 per
1142 878 1246 938 totam
1272 878 1419 952 linguam
1442 883 1614 942 servarunt

350 975 518 1036 intactam.

397 1074 491 1134 Haud
529 1075 636 1148 inepte
677 1074 853 1134 contuleris
894 1077 1061 1148 praeterea
1094 1090 1205 1136 vocem
1242 1077 1414 1139 biformem
1449 1077 1549 1158 ῗιᾶρος
1574 1112 1614 1121 -

351 1171 464 1252 ἑταῖρος
488 1171 520 1250 ii.
545 1189 573 1234 θ.
597 1170 735 1251 ἕταωος).

395 1275 473 1336 vitii
502 1274 655 1335 indicium
685 1277 737 1336 eet
767 1276 856 1336 vocis
887 1272 956 1348 ὁδός
987 1277 1038 1336 cic
1059 1277 1144 1353 prior
1167 1277 1331 1360 eyllabap
1359 1280 1420 1340 lea
1443 1281 1614 1355 producta:

350 1369 503 1455 ἀρισφαλέ’
532 1373 654 1455 ἔμμεναι
682 1373 785 1454 οὐδόν,
816 1378 870 1438 ubi
900 1377 921 1439 l.
947 1393 975 1440 a.
1000 1373 1159 1458 ἀρισφαλὲς
1191 1375 1312 1458 ἔμμεναι
1344 1372 1437 1454 οὖδας
1460 1383 1613 1460 praestat,

221 1473 224 1481 ⁴
350 1479 412 1540 nisi
435 1479 676 1541 rescribendum
698 1480 750 1540 est
772 1473 926 1559 ἀρισφαλέ’
953 1475 1048 1559 ἔμμην’
1076 1477 1218 1562 ἀταρπόν.

393 1849 479 1926 Quae
510 1849 550 1910 de
579 1846 784 1922 productione
815 1848 950 1910 metrica
980 1849 1182 1924 syllabarum
1218 1852 1365 1913 brevium
1397 1853 1429 1914 in
1464 1853 1482 1922 5
1519 1853 1613 1912 lii-38

348 1950 603 2026 observavimus,
638 1964 750 2010 eorum
784 1966 915 2012 summa
949 1952 1012 2012 buc
1047 1952 1140 2030 redit,
1175 1957 1212 2014 ut
1247 1955 1361 2016 breves
1397 1955 1542 2030 syllabae
1573 1956 1613 2016 ob

348 2053 489 2114 Homero
522 2053 684 2124 nequeant
717 2051 750 2110 ln
780 2051 845 2113 arel
874 2068 931 2127 pro
962 2053 1067 2127 longis
1100 2056 1249 2129 usurpari
1279 2057 1342 2116 nisi
1375 2060 1432 2117 aut
1468 2057 1615 2132 aperiant

348 2153 541 2214 vocabulum
565 2153 622 2212 aut
644 2151 806 2212 claudant.

389 2253 430 2312 Et
459 2250 722 2324 frequentissima
752 2251 880 2324 quidem
910 2254 962 2312 eet
985 2251 1185 2325 syllabarum
1209 2251 1355 2313 finalium
1380 2255 1612 2314 inconsonam

346 2351 563 2415 desinentium
594 2349 758 2424 productio
788 2353 863 2411 ante
894 2366 1064 2411 caesuram
1093 2351 1142 2412 vel
1168 2353 1470 2426 interpunctionem.
1496 2354 1613 2414 Rarius

347 2451 469 2513 vocalis
492 2449 598 2510 brevis
620 2451 654 2509 in
676 2447 739 2509 fine
763 2450 852 2510 vocis
875 2451 1058 2524 producitur
1082 2455 1157 2512 ante
1180 2467 1359 2530 caesuram,
1384 2455 1488 2514 rarius
1512 2454 1611 2515 etlam

346 2554 422 2614 ante
456 2549 756 2625 interpunctionem.
794 2549 893 2611 llulto
927 2553 1032 2611 rarius
1066 2552 1191 2624 syllaba
1225 2554 1333 2613 brevis
1367 2555 1400 2614 ln
1434 2568 1609 2614 consonam

255 2665 258 2672 ’
346 2654 497 2715 desinens
537 2651 722 2726 producitur
759 2650 792 2710 in
829 2651 936 2711 medlo
970 2651 1152 2712 hexametri
1186 2655 1429 2727 sententiaeque
1463 2655 1610 2715 decursu.

345 2753 473 2814 vocalis
502 2766 578 2812 vero
608 2749 715 2810 ilnalls
745 2750 778 2809 in
810 2750 917 2810 media
947 2751 1111 2812 sententia
1145 2767 1209 2812 non
1242 2753 1427 2827 producitur
1458 2754 1522 2814 nisi
1554 2755 1612 2814 eut

343 2856 482 2930 quinque
516 2853 663 2914 brevium
697 2851 847 2925 deinceps
881 2851 1111 2912 collocatarum
1145 2856 1197 2912 est
1230 2853 1327 2914 tertia
1357 2850 1414 2931 (a)
1446 2856 1504 2914 aut
1535 2855 1610 2914 ante

344 2957 499 3032 liquidam
522 2955 575 3017 vel
597 2952 762 3028 digamma
785 2953 891 3014 locum
916 2952 1021 3016 babet.
1237 3025 1244 3039 ι

387 3061 549 3134 Frequens
579 3061 746 3133 praeterea
775 3058 826 3119 est
856 3057 1019 3133 productio
1050 3057 1157 3119 brevis
1180 3058 1325 3132 syllabae
1348 3057 1439 3121 initio
1463 3057 1609 3120 vocabuli

342 3162 526 3238 collocatae,
553 3175 650 3234 quem
683 3160 765 3224 duae
797 3160 910 3220 breves
948 3163 981 3220 et
1004 3159 1117 3221 deinde
1148 3159 1244 3235 longa
1266 3163 1444 3235 sequuntur
1469 3158 1608 3240 (imi).

341 3265 520 3326 Rarieeime
543 3277 619 3324 vero
642 3277 702 3323 uec
725 3262 788 3322 nisi
810 3262 991 3323 hexametri
1015 3262 1107 3323 initio
1134 3263 1287 3339 producta
1307 3263 1464 3339 reperitur
1483 3264 1610 3339 syllaba

342 3366 449 3428 brevis
471 3379 570 3439 quam
593 3364 713 3440 excipit
734 3363 838 3438 longe.

387 3467 474 3544 Quae
511 3466 677 3541 praeterea
714 3465 747 3524 ln
784 3464 873 3540 poesi
904 3465 994 3540 epioe
1026 3467 1196 3526 occurrunt
1227 3465 1375 3525 brevium
1409 3464 1609 3538 syliabarum

338 3569 572 3644 productionea,
614 3565 829 3640 etymologiae
867 3581 926 3642 ope
961 3565 1141 3640 explicatae
1177 3567 1254 3627 sunt
1289 3571 1346 3627 aut
1381 3567 1608 3641 explicandee3

337 3670 494 3747 ancipites
526 3683 601 3730 vero
631 3681 713 3740 quae
737 3666 886 3728 dicuntur
910 3667 1054 3740 syllabae
1078 3682 1140 3728 non
1164 3668 1197 3727 in
1222 3669 1288 3729 arsi
1310 3668 1528 3742 producuntur
1551 3667 1608 3728 sed

340 3770 554 3847 corripiuntur
577 3767 610 3828 in
634 3767 729 3827 tbesi.

381 3871 462 3946 argo
482 3867 642 3931 reicienda
660 3870 712 3927 est
730 3866 835 3942 opinio
859 3866 970 3943 Fiokil,
991 3868 1075 3942 apud
1096 3867 1274 3929 Homerum
1292 3868 1452 3942 quaslibet
1465 3868 1609 3942 syllabas

338 3972 453 4032 breves
471 3971 531 4030 sub
551 3969 617 4028 lotu
637 3982 694 4041 pro
717 3967 820 4040 longis
840 3967 949 4027 baberi
969 3969 1114 4042 potuisse
1138 3970 1325 4044 statuentis,
1346 3983 1449 4041 neque
1469 3968 1607 4040 Vogrinz

338 4071 482 4132 Graium.
495 4070 559 4144 pi
580 4067 673 4144 inira,
694 4068 746 4142 22,
765 4069 806 4126 34
819 4070 880 4128 eto.
902 4067 976 4127 bnio
996 4068 1067 4144 legi,
1088 4071 1244 4141 tanquam
1264 4068 1440 4128 utilissimo
1463 4068 1605 4141 invento,

338 4171 457 4245 aliquid
476 4169 616 4231 tribuere
636 4169 781 4230 debebat.
802 4167 885 4230 Nam
904 4183 945 4228 ex
967 4168 1069 4230 altera
1089 4172 1179 4245 parte
1202 4184 1263 4229 non
1277 4171 1328 4229 est
1340 4182 1433 4244 nova,
1450 4183 1491 4228 ex
1504 4167 1607 4227 altera

337 4286 401 4334 non
421 4285 507 4332 vere.
528 4269 598 4330 Non
618 4271 669 4331 est
689 4285 802 4331 verum
824 4269 948 4330 medias
971 4269 1198 4331 vocabulorum
1220 4269 1363 4344 syllabae
1384 4268 1454 4329 sola
1472 4269 1558 4328 ictus
1575 4268 1605 4328 vi

336 4375 481 4449 potuisse
503 4373 644 4450 produci,
670 4389 697 4434 e.
718 4387 748 4446 g.
780 4371 892 4448 πόλιος,
918 4371 998 4447 ,mit
1020 4385 1032 4430 ῑ
1054 4373 1149 4432 unter
1165 4372 1237 4431 dem
1260 4371 1364 4431 lotus”
1390 4369 1466 4429 lilolr
1490 4368 1604 4442 Odyss.

337 4493 367 4552 p.
382 4477 423 4536 93
436 4475 520 4550 ΜΕ,
533 4478 548 4534 t
561 4475 625 4534 403
641 4472 862 4552 ,pozeo'ppevov
874 4469 903 4550 (o
916 4467 1010 4533 linter
1022 4473 1096 4533 dem
1108 4474 1203 4549 latua,
1218 4472 1280 4547 vgl.
1294 4468 1491 4549 δυνναμένοιο
1502 4467 1603 4547 414)”

338 4577 412 4639 ibid.
435 4593 465 4652 p.
492 4578 534 4636 96
557 4575 642 4636 inira
666 4573 707 4652 Ι);
732 4575 772 4636 ad
797 4573 940 4635 initiales
963 4575 1074 4635 autem
1098 4573 1241 4648 syllabas
1264 4575 1348 4648 quod
1372 4572 1501 4650 attinet,
1524 4571 1600 4631 nibil

339 4703 557 4714 ——.-.——-—

372 4763 391 4830 ¹)
408 4765 492 4813 ltilm
509 4764 645 4814 lectionem
668 4765 722 4812 eddi
737 4767 815 4828 adrev,
831 4777 908 4824 qaam
922 4776 937 4811 e
951 4763 1054 4811 moditia
1068 4764 1161 4811 litteris
1180 4763 1305 4827 ουδημαιον
1315 4767 1336 4810 Β
1348 4763 1397 4810 ³⁸0
1414 4762 1476 4810 allbl
1493 4761 1601 4818 effluxit,

338 4847 373 4893 lte
391 4846 416 4892 al
433 4845 508 4892 tollor
524 4843 627 4891 delendi
644 4843 726 4891 voluit
743 4847 772 4890 ut
791 4843 876 4890 brevio
893 4843 991 4904 syllaba
1009 4863 1037 4891 -ι-
1056 4844 1083 4890 in
1100 4843 1151 4890 arel
1169 4855 1215 4903 pro
1232 4843 1308 4902 louge
1325 4845 1449 4902 usurpate
1467 4843 1507 4889 eit
