<?xml version="1.0" encoding="UTF-8"?>
<!DOCTYPE html PUBLIC "-//W3C//DTD XHTML 1.0 Transitional//EN"
    "http://www.w3.org/TR/xhtml1/DTD/xhtml1-transitional.dtd">
<html xmlns="http://www.w3.org/1999/xhtml" xml:lang="en" lang="en">
 <head>
  <title>
</title>
<meta http-equiv="Content-Type" content="text/html;charset=utf-8" />
  <meta name='ocr-system' content='tesseract 3.04.00' />
  <meta name='ocr-capabilities' content='ocr_page ocr_carea ocr_par ocr_line ocrx_word'/>
</head>
<body>
  <div class='ocr_page' id='page_1' title='image "./enchiridiumdict01leeugoog_0224.png"; bbox 0 0 3842 5690; ppageno 0'>
   <div class='ocr_carea' id='block_1_1' title="bbox 964 711 1627 782">
    <p class='ocr_par' dir='ltr' id='par_1_1' title="bbox 964 711 1627 782">
     <span class='ocr_line' id='line_1_1' title="bbox 964 711 1627 782; baseline -0.002 -12"><span class='ocrx_word' id='word_1_1' title='bbox 964 713 1025 772; x_wconf 81' lang='lat'><strong>142</strong></span> <span class='ocrx_word' id='word_1_2' title='bbox 1530 712 1560 782; x_wconf 64' lang='grc' dir='ltr'><strong>[ὃ</strong></span> <span class='ocrx_word' id='word_1_3' title='bbox 1582 711 1627 770; x_wconf 78' lang='lat'><strong>40</strong></span> 
     </span>
    </p>
   </div>
   <div class='ocr_carea' id='block_1_2' title="bbox 365 899 1634 4110">
    <p class='ocr_par' dir='ltr' id='par_1_2' title="bbox 365 899 1629 1680">
     <span class='ocr_line' id='line_1_2' title="bbox 365 899 1626 974; baseline -0.002 -11"><span class='ocrx_word' id='word_1_4' title='bbox 365 907 417 963; x_wconf 87' lang='lat' dir='ltr'><strong>est</strong></span> <span class='ocrx_word' id='word_1_5' title='bbox 448 902 569 962; x_wconf 89' lang='lat' dir='ltr'><strong>mentis</strong></span> <span class='ocrx_word' id='word_1_6' title='bbox 601 899 759 974; x_wconf 78' lang='lat' dir='ltr'><strong>acumine,</strong></span> <span class='ocrx_word' id='word_1_7' title='bbox 794 900 962 961; x_wconf 85' lang='lat' dir='ltr'><strong>defensum</strong></span> <span class='ocrx_word' id='word_1_8' title='bbox 993 901 1033 960; x_wconf 90' lang='lat' dir='ltr'><strong>iri</strong></span> <span class='ocrx_word' id='word_1_9' title='bbox 1063 899 1212 961; x_wconf 77' lang='lat' dir='ltr'><strong>credibile</strong></span> <span class='ocrx_word' id='word_1_10' title='bbox 1243 914 1306 960; x_wconf 88' lang='lat' dir='ltr'><strong>non</strong></span> <span class='ocrx_word' id='word_1_11' title='bbox 1332 899 1490 959; x_wconf 85' lang='lat' dir='ltr'><strong>ducimus.</strong></span> <span class='ocrx_word' id='word_1_12' title='bbox 1514 899 1626 960; x_wconf 84' lang='lat' dir='ltr'><strong>Nonne</strong></span> 
     </span>
     <span class='ocr_line' id='line_1_3' title="bbox 367 999 1628 1076; baseline -0.004 -13"><span class='ocrx_word' id='word_1_13' title='bbox 367 1003 484 1063; x_wconf 88' lang='lat' dir='ltr'><strong>melius</strong></span> <span class='ocrx_word' id='word_1_14' title='bbox 516 1003 567 1062; x_wconf 88' lang='lat' dir='ltr'><strong>est</strong></span> <span class='ocrx_word' id='word_1_15' title='bbox 600 1000 772 1061; x_wconf 87' lang='lat' dir='ltr'><strong>concedere</strong></span> <span class='ocrx_word' id='word_1_16' title='bbox 806 999 949 1061; x_wconf 85' lang='lat' dir='ltr'><strong>Bellero</strong></span> <span class='ocrx_word' id='word_1_17' title='bbox 983 1003 1017 1060; x_wconf 89' lang='lat' dir='ltr'><strong>et</strong></span> <span class='ocrx_word' id='word_1_18' title='bbox 1046 999 1173 1076; x_wconf 85' lang='lat' dir='ltr'><strong>Oobeto‚</strong></span> <span class='ocrx_word' id='word_1_19' title='bbox 1205 1002 1334 1075; x_wconf 90' lang='lat' dir='ltr'><strong>poetam</strong></span> <span class='ocrx_word' id='word_1_20' title='bbox 1365 1001 1419 1072; x_wconf 91' lang='lat' dir='ltr'><strong>qui</strong></span> <span class='ocrx_word' id='word_1_21' title='bbox 1443 1001 1525 1061; x_wconf 92' lang='lat' dir='ltr'><strong>banc</strong></span> <span class='ocrx_word' id='word_1_22' title='bbox 1551 1001 1628 1060; x_wconf 85' lang='lat' dir='ltr'><strong>iecit</strong></span> 
     </span>
     <span class='ocr_line' id='line_1_4' title="bbox 367 1094 1626 1178; baseline -0.005 -13"><span class='ocrx_word' id='word_1_23' title='bbox 367 1104 570 1178; x_wconf 81' lang='lat' dir='ltr'><strong>rhapsodiam</strong></span> <span class='ocrx_word' id='word_1_24' title='bbox 593 1103 627 1162; x_wconf 90' lang='lat' dir='ltr'><strong>in</strong></span> <span class='ocrx_word' id='word_1_25' title='bbox 650 1103 709 1162; x_wconf 90' lang='lat' dir='ltr'><strong>boc</strong></span> <span class='ocrx_word' id='word_1_26' title='bbox 732 1103 818 1162; x_wconf 87' lang='lat' dir='ltr'><strong>certe</strong></span> <span class='ocrx_word' id='word_1_27' title='bbox 844 1117 938 1162; x_wconf 87' lang='lat' dir='ltr'><strong>versu</strong></span> <span class='ocrx_word' id='word_1_28' title='bbox 960 1117 1136 1163; x_wconf 87' lang='lat' dir='ltr'><strong>consonam</strong></span> <span class='ocrx_word' id='word_1_29' title='bbox 1157 1101 1180 1160; x_wconf 71' lang='lat' dir='ltr'><strong>i</strong></span> <span class='ocrx_word' id='word_1_30' title='bbox 1203 1101 1429 1175; x_wconf 81' lang='lat' dir='ltr'><strong>pronuntiasse</strong></span> <span class='ocrx_word' id='word_1_31' title='bbox 1451 1102 1485 1161; x_wconf 88' lang='lat' dir='ltr'><strong>et</strong></span> <span class='ocrx_word' id='word_1_32' title='bbox 1505 1094 1539 1159; x_wconf 71' lang='grc' dir='ltr'><em>Ρ</em></span> <span class='ocrx_word' id='word_1_33' title='bbox 1564 1097 1626 1172; x_wconf 75' lang='grc' dir='ltr'><strong>ἄξει</strong></span> 
     </span>
     <span class='ocr_line' id='line_1_5' title="bbox 367 1197 1628 1278; baseline -0.005 -12"><span class='ocrx_word' id='word_1_34' title='bbox 367 1205 487 1266; x_wconf 82' lang='lat' dir='ltr'><strong>dixisse</strong></span> <span class='ocrx_word' id='word_1_35' title='bbox 517 1207 554 1264; x_wconf 97' lang='lat' dir='ltr'><strong>ut</strong></span> <span class='ocrx_word' id='word_1_36' title='bbox 584 1219 661 1264; x_wconf 84' lang='lat' dir='ltr'><strong>mox</strong></span> <span class='ocrx_word' id='word_1_37' title='bbox 691 1197 715 1262; x_wconf 73' lang='lat' dir='ltr'><strong>d</strong></span> <span class='ocrx_word' id='word_1_38' title='bbox 747 1201 833 1276; x_wconf 67' lang='lat' dir='ltr'><strong>ilisa?</strong></span> <span class='ocrx_word' id='word_1_39' title='bbox 864 1205 962 1277; x_wconf 75' lang='lat' dir='ltr'><strong>Atqui</strong></span> <span class='ocrx_word' id='word_1_40' title='bbox 992 1205 1021 1264; x_wconf 88' lang='lat' dir='ltr'><strong>ei</strong></span> <span class='ocrx_word' id='word_1_41' title='bbox 1051 1219 1115 1264; x_wconf 92' lang='lat' dir='ltr'><strong>uno</strong></span> <span class='ocrx_word' id='word_1_42' title='bbox 1145 1202 1225 1278; x_wconf 92' lang='lat' dir='ltr'><strong>loco,</strong></span> <span class='ocrx_word' id='word_1_43' title='bbox 1254 1203 1308 1275; x_wconf 92' lang='lat' dir='ltr'><strong>qui</strong></span> <span class='ocrx_word' id='word_1_44' title='bbox 1338 1203 1371 1261; x_wconf 92' lang='lat' dir='ltr'><strong>in</strong></span> <span class='ocrx_word' id='word_1_45' title='bbox 1401 1203 1522 1263; x_wconf 89' lang='lat' dir='ltr'><strong>recenti</strong></span> <span class='ocrx_word' id='word_1_46' title='bbox 1545 1204 1628 1261; x_wconf 88' lang='lat' dir='ltr'><strong>eatis</strong></span> 
     </span>
     <span class='ocr_line' id='line_1_6' title="bbox 367 1303 1627 1381; baseline -0.002 -15"><span class='ocrx_word' id='word_1_47' title='bbox 367 1307 477 1366; x_wconf 89' lang='lat' dir='ltr'><strong>Iliadis</strong></span> <span class='ocrx_word' id='word_1_48' title='bbox 498 1309 589 1381; x_wconf 88' lang='lat' dir='ltr'><strong>parte</strong></span> <span class='ocrx_word' id='word_1_49' title='bbox 611 1305 759 1380; x_wconf 89' lang='lat' dir='ltr'><strong>occurrit,</strong></span> <span class='ocrx_word' id='word_1_50' title='bbox 783 1305 879 1364; x_wconf 86' lang='lat' dir='ltr'><strong>certis</strong></span> <span class='ocrx_word' id='word_1_51' title='bbox 902 1305 1103 1378; x_wconf 81' lang='lat' dir='ltr'><strong>argumentis</strong></span> <span class='ocrx_word' id='word_1_52' title='bbox 1126 1303 1307 1364; x_wconf 83' lang='lat' dir='ltr'><strong>stabilitum</strong></span> <span class='ocrx_word' id='word_1_53' title='bbox 1331 1305 1383 1362; x_wconf 88' lang='lat' dir='ltr'><strong>est</strong></span> <span class='ocrx_word' id='word_1_54' title='bbox 1405 1304 1572 1377; x_wconf 81' lang='lat' dir='ltr'><strong>digamma</strong></span> <span class='ocrx_word' id='word_1_55' title='bbox 1589 1305 1627 1380; x_wconf 83' lang='lat'><strong>¹),</strong></span> 
     </span>
     <span class='ocr_line' id='line_1_7' title="bbox 368 1407 1628 1480; baseline -0.002 -13"><span class='ocrx_word' id='word_1_56' title='bbox 368 1422 431 1467; x_wconf 91' lang='lat' dir='ltr'><strong>non</strong></span> <span class='ocrx_word' id='word_1_57' title='bbox 461 1409 512 1468; x_wconf 87' lang='lat' dir='ltr'><strong>est</strong></span> <span class='ocrx_word' id='word_1_58' title='bbox 535 1422 592 1466; x_wconf 92' lang='lat' dir='ltr'><strong>cur</strong></span> <span class='ocrx_word' id='word_1_59' title='bbox 613 1407 777 1466; x_wconf 83' lang='lat' dir='ltr'><strong>sexcentis</strong></span> <span class='ocrx_word' id='word_1_60' title='bbox 799 1407 872 1466; x_wconf 89' lang='lat' dir='ltr'><strong>aliis</strong></span> <span class='ocrx_word' id='word_1_61' title='bbox 895 1407 989 1467; x_wconf 88' lang='lat' dir='ltr'><strong>aliter</strong></span> <span class='ocrx_word' id='word_1_62' title='bbox 1011 1407 1207 1480; x_wconf 88' lang='lat' dir='ltr'><strong>iudicemus;</strong></span> <span class='ocrx_word' id='word_1_63' title='bbox 1232 1419 1296 1463; x_wconf 92' lang='lat' dir='ltr'><strong>non</strong></span> <span class='ocrx_word' id='word_1_64' title='bbox 1319 1407 1370 1463; x_wconf 90' lang='lat' dir='ltr'><strong>est</strong></span> <span class='ocrx_word' id='word_1_65' title='bbox 1392 1419 1450 1464; x_wconf 92' lang='lat' dir='ltr'><strong>cur</strong></span> <span class='ocrx_word' id='word_1_66' title='bbox 1470 1421 1628 1478; x_wconf 86' lang='lat' dir='ltr'><strong>negemus</strong></span> 
     </span>
     <span class='ocr_line' id='line_1_8' title="bbox 368 1500 1629 1582; baseline -0.002 -16"><span class='ocrx_word' id='word_1_67' title='bbox 368 1509 510 1581; x_wconf 88' lang='lat' dir='ltr'><strong>potuisse</strong></span> <span class='ocrx_word' id='word_1_68' title='bbox 534 1506 637 1567; x_wconf 87' lang='lat' dir='ltr'><strong>audiri</strong></span> <span class='ocrx_word' id='word_1_69' title='bbox 659 1507 804 1566; x_wconf 81' lang='lat' dir='ltr'><strong>dicamne</strong></span> <span class='ocrx_word' id='word_1_70' title='bbox 827 1503 941 1582; x_wconf 68' lang='lat' dir='ltr'><strong>(frola)</strong></span> <span class='ocrx_word' id='word_1_71' title='bbox 965 1506 1064 1566; x_wconf 82' lang='lat' dir='ltr'><strong>vellet</strong></span> <span class='ocrx_word' id='word_1_72' title='bbox 1081 1507 1177 1580; x_wconf 90' lang='lat' dir='ltr'><strong>poeta</strong></span> <span class='ocrx_word' id='word_1_73' title='bbox 1199 1519 1240 1564; x_wconf 93' lang='lat' dir='ltr'><strong>an</strong></span> <span class='ocrx_word' id='word_1_74' title='bbox 1259 1519 1333 1578; x_wconf 74' lang='lat' dir='ltr'><strong>rogo</strong></span> <span class='ocrx_word' id='word_1_75' title='bbox 1352 1500 1455 1581; x_wconf 77' lang='grc' dir='ltr'><strong>(ἐρέω),</strong></span> <span class='ocrx_word' id='word_1_76' title='bbox 1475 1506 1629 1564; x_wconf 84' lang='lat' dir='ltr'><strong>distimta</strong></span> 
     </span>
     <span class='ocr_line' id='line_1_9' title="bbox 369 1601 1317 1680; baseline -0.005 -14"><span class='ocrx_word' id='word_1_77' title='bbox 369 1607 469 1667; x_wconf 84' lang='lat' dir='ltr'><strong>luisse</strong></span> <span class='ocrx_word' id='word_1_78' title='bbox 491 1608 523 1666; x_wconf 90' lang='lat' dir='ltr'><strong>in</strong></span> <span class='ocrx_word' id='word_1_79' title='bbox 546 1607 617 1666; x_wconf 90' lang='lat' dir='ltr'><strong>eius</strong></span> <span class='ocrx_word' id='word_1_80' title='bbox 640 1620 694 1666; x_wconf 88' lang='lat' dir='ltr'><strong>ore</strong></span> <span class='ocrx_word' id='word_1_81' title='bbox 717 1607 905 1679; x_wconf 91' lang='lat' dir='ltr'><strong>pronomina</strong></span> <span class='ocrx_word' id='word_1_82' title='bbox 926 1607 981 1680; x_wconf 82' lang='lat' dir='ltr'><strong>qui</strong></span> <span class='ocrx_word' id='word_1_83' title='bbox 1002 1603 1057 1676; x_wconf 78' lang='grc' dir='ltr'><strong>(ὅς)</strong></span> <span class='ocrx_word' id='word_1_84' title='bbox 1080 1607 1114 1665; x_wconf 91' lang='lat' dir='ltr'><strong>et</strong></span> <span class='ocrx_word' id='word_1_85' title='bbox 1134 1620 1212 1664; x_wconf 77' lang='lat' dir='ltr'><strong>arrae</strong></span> <span class='ocrx_word' id='word_1_86' title='bbox 1230 1601 1317 1674; x_wconf 66' lang='lat' dir='ltr'><strong>(fsto).</strong></span> 
     </span>
    </p>

    <p class='ocr_par' dir='ltr' id='par_1_3' title="bbox 367 1705 1634 4110">
     <span class='ocr_line' id='line_1_10' title="bbox 413 1705 1627 1783; baseline -0.002 -15"><span class='ocrx_word' id='word_1_87' title='bbox 413 1707 474 1768; x_wconf 85' lang='lat' dir='ltr'><strong>Sed</strong></span> <span class='ocrx_word' id='word_1_88' title='bbox 497 1708 634 1768; x_wconf 82' lang='lat' dir='ltr'><strong>tortasse</strong></span> <span class='ocrx_word' id='word_1_89' title='bbox 659 1707 776 1767; x_wconf 80' lang='lat' dir='ltr'><strong>dixerit</strong></span> <span class='ocrx_word' id='word_1_90' title='bbox 797 1708 975 1783; x_wconf 86' lang='lat' dir='ltr'><strong>quispiam:</strong></span> <span class='ocrx_word' id='word_1_91' title='bbox 1002 1721 1040 1783; x_wconf 91' lang='lat' dir='ltr'><strong>,o</strong></span> <span class='ocrx_word' id='word_1_92' title='bbox 1063 1707 1155 1783; x_wconf 92' lang='lat' dir='ltr'><strong>bone,</strong></span> <span class='ocrx_word' id='word_1_93' title='bbox 1179 1705 1330 1766; x_wconf 84' lang='lat' dir='ltr'><strong>verberas</strong></span> <span class='ocrx_word' id='word_1_94' title='bbox 1353 1709 1445 1780; x_wconf 79' lang='lat' dir='ltr'><strong>aera;</strong></span> <span class='ocrx_word' id='word_1_95' title='bbox 1466 1721 1528 1766; x_wconf 91' lang='lat' dir='ltr'><strong>non</strong></span> <span class='ocrx_word' id='word_1_96' title='bbox 1550 1707 1627 1765; x_wconf 83' lang='lat' dir='ltr'><strong>baec</strong></span> 
     </span>
     <span class='ocr_line' id='line_1_11' title="bbox 372 1807 1630 1885; baseline -0.002 -15"><span class='ocrx_word' id='word_1_97' title='bbox 372 1811 442 1885; x_wconf 88' lang='lat' dir='ltr'><strong>,est</strong></span> <span class='ocrx_word' id='word_1_98' title='bbox 473 1824 566 1870; x_wconf 88' lang='lat' dir='ltr'><strong>mens</strong></span> <span class='ocrx_word' id='word_1_99' title='bbox 589 1807 702 1868; x_wconf 79' lang='lat' dir='ltr'><strong>caueri</strong></span> <span class='ocrx_word' id='word_1_100' title='bbox 725 1809 757 1868; x_wconf 90' lang='lat' dir='ltr'><strong>et</strong></span> <span class='ocrx_word' id='word_1_101' title='bbox 780 1824 890 1870; x_wconf 89' lang='lat' dir='ltr'><strong>eorum</strong></span> <span class='ocrx_word' id='word_1_102' title='bbox 914 1811 1066 1883; x_wconf 90' lang='lat' dir='ltr'><strong>quicum</strong></span> <span class='ocrx_word' id='word_1_103' title='bbox 1090 1823 1127 1868; x_wconf 92' lang='lat' dir='ltr'><strong>eo</strong></span> <span class='ocrx_word' id='word_1_104' title='bbox 1150 1807 1365 1868; x_wconf 85' lang='lat' dir='ltr'><strong>consentiunt.</strong></span> <span class='ocrx_word' id='word_1_105' title='bbox 1389 1808 1500 1868; x_wconf 86' lang='lat' dir='ltr'><strong>Dicere</strong></span> <span class='ocrx_word' id='word_1_106' title='bbox 1528 1809 1630 1868; x_wconf 91' lang='lat' dir='ltr'><strong>voluit</strong></span> 
     </span>
     <span class='ocr_line' id='line_1_12' title="bbox 374 1910 1627 1988; baseline -0.002 -16"><span class='ocrx_word' id='word_1_107' title='bbox 374 1912 456 1988; x_wconf 86' lang='lat' dir='ltr'><strong>,ilie‚</strong></span> <span class='ocrx_word' id='word_1_108' title='bbox 488 1911 622 1972; x_wconf 88' lang='lat' dir='ltr'><strong>Iliadem</strong></span> <span class='ocrx_word' id='word_1_109' title='bbox 646 1912 678 1970; x_wconf 88' lang='lat' dir='ltr'><strong>et</strong></span> <span class='ocrx_word' id='word_1_110' title='bbox 701 1910 889 1988; x_wconf 84' lang='lat' dir='ltr'><strong>odysseam,</strong></span> <span class='ocrx_word' id='word_1_111' title='bbox 912 1912 988 1974; x_wconf 89' lang='lat' dir='ltr'><strong>licet</strong></span> <span class='ocrx_word' id='word_1_112' title='bbox 1010 1913 1106 1972; x_wconf 82' lang='lat' dir='ltr'><strong>aritae</strong></span> <span class='ocrx_word' id='word_1_113' title='bbox 1129 1911 1235 1972; x_wconf 89' lang='lat' dir='ltr'><strong>sinte</strong></span> <span class='ocrx_word' id='word_1_114' title='bbox 1262 1911 1459 1970; x_wconf 86' lang='lat' dir='ltr'><strong>carminibus</strong></span> <span class='ocrx_word' id='word_1_115' title='bbox 1480 1911 1627 1970; x_wconf 88' lang='lat' dir='ltr'><strong>breviori·</strong></span> 
     </span>
     <span class='ocr_line' id='line_1_13' title="bbox 373 2012 1629 2087; baseline -0.001 -16"><span class='ocrx_word' id='word_1_116' title='bbox 373 2012 452 2087; x_wconf 90' lang='lat' dir='ltr'><strong>,bus</strong></span> <span class='ocrx_word' id='word_1_117' title='bbox 485 2013 517 2070; x_wconf 93' lang='lat' dir='ltr'><strong>in</strong></span> <span class='ocrx_word' id='word_1_118' title='bbox 551 2012 666 2084; x_wconf 91' lang='lat' dir='ltr'><strong>quibus</strong></span> <span class='ocrx_word' id='word_1_119' title='bbox 699 2012 863 2084; x_wconf 86' lang='lat' dir='ltr'><strong>digamma</strong></span> <span class='ocrx_word' id='word_1_120' title='bbox 897 2013 1036 2087; x_wconf 80' lang='lat' dir='ltr'><strong>vivebat,</strong></span> <span class='ocrx_word' id='word_1_121' title='bbox 1071 2014 1159 2086; x_wconf 89' lang='lat' dir='ltr'><strong>ipsas</strong></span> <span class='ocrx_word' id='word_1_122' title='bbox 1189 2013 1300 2070; x_wconf 89' lang='lat' dir='ltr'><strong>tamen</strong></span> <span class='ocrx_word' id='word_1_123' title='bbox 1330 2013 1527 2083; x_wconf 88' lang='lat' dir='ltr'><strong>compositas</strong></span> <span class='ocrx_word' id='word_1_124' title='bbox 1556 2027 1629 2071; x_wconf 86' lang='lat' dir='ltr'><strong>essa</strong></span> 
     </span>
     <span class='ocr_line' id='line_1_14' title="bbox 372 2105 1627 2188; baseline 0 -18"><span class='ocrx_word' id='word_1_125' title='bbox 372 2111 526 2185; x_wconf 88' lang='lat' dir='ltr'><strong>,dialecto</strong></span> <span class='ocrx_word' id='word_1_126' title='bbox 556 2125 638 2184; x_wconf 86' lang='lat' dir='ltr'><strong>quae</strong></span> <span class='ocrx_word' id='word_1_127' title='bbox 667 2125 705 2170; x_wconf 90' lang='lat' dir='ltr'><strong>ea</strong></span> <span class='ocrx_word' id='word_1_128' title='bbox 729 2127 868 2172; x_wconf 88' lang='lat' dir='ltr'><strong>consona</strong></span> <span class='ocrx_word' id='word_1_129' title='bbox 889 2113 1028 2188; x_wconf 86' lang='lat' dir='ltr'><strong>carebat,</strong></span> <span class='ocrx_word' id='word_1_130' title='bbox 1052 2113 1189 2170; x_wconf 90' lang='lat' dir='ltr'><strong>dialecto</strong></span> <span class='ocrx_word' id='word_1_131' title='bbox 1212 2111 1366 2170; x_wconf 89' lang='lat' dir='ltr'><strong>nimirum</strong></span> <span class='ocrx_word' id='word_1_132' title='bbox 1391 2110 1520 2170; x_wconf 89' lang='lat' dir='ltr'><strong>ionica”</strong></span> <span class='ocrx_word' id='word_1_133' title='bbox 1540 2105 1573 2178; x_wconf 85' lang='lat'><strong>²).</strong></span> <span class='ocrx_word' id='word_1_134' title='bbox 1587 2144 1627 2152; x_wconf 97' lang='lat'><strong>—</strong></span> 
     </span>
     <span class='ocr_line' id='line_1_15' title="bbox 367 2209 1629 2284; baseline 0.001 -16"><span class='ocrx_word' id='word_1_135' title='bbox 367 2211 455 2284; x_wconf 79' lang='lat' dir='ltr'><strong>Esto,</strong></span> <span class='ocrx_word' id='word_1_136' title='bbox 486 2223 681 2282; x_wconf 88' lang='lat' dir='ltr'><strong>quamquam</strong></span> <span class='ocrx_word' id='word_1_137' title='bbox 713 2211 848 2270; x_wconf 90' lang='lat' dir='ltr'><strong>minime</strong></span> <span class='ocrx_word' id='word_1_138' title='bbox 878 2213 1012 2272; x_wconf 88' lang='lat' dir='ltr'><strong>obscure</strong></span> <span class='ocrx_word' id='word_1_139' title='bbox 1043 2211 1172 2271; x_wconf 87' lang='lat' dir='ltr'><strong>locutus</strong></span> <span class='ocrx_word' id='word_1_140' title='bbox 1196 2213 1247 2270; x_wconf 92' lang='lat' dir='ltr'><strong>est</strong></span> <span class='ocrx_word' id='word_1_141' title='bbox 1270 2209 1372 2268; x_wconf 85' lang='lat' dir='ltr'><strong>Oauer</strong></span> <span class='ocrx_word' id='word_1_142' title='bbox 1394 2210 1415 2269; x_wconf 96' lang='lat' dir='ltr'><strong>l.</strong></span> <span class='ocrx_word' id='word_1_143' title='bbox 1430 2210 1469 2283; x_wconf 88' lang='lat' dir='ltr'><strong>i.;</strong></span> <span class='ocrx_word' id='word_1_144' title='bbox 1494 2211 1551 2269; x_wconf 87' lang='lat' dir='ltr'><strong>sed</strong></span> <span class='ocrx_word' id='word_1_145' title='bbox 1575 2209 1629 2269; x_wconf 89' lang='lat' dir='ltr'><strong>lin·</strong></span> 
     </span>
     <span class='ocr_line' id='line_1_16' title="bbox 367 2311 1628 2386; baseline 0 -16"><span class='ocrx_word' id='word_1_146' title='bbox 367 2326 485 2386; x_wconf 88' lang='lat' dir='ltr'><strong>gamus</strong></span> <span class='ocrx_word' id='word_1_147' title='bbox 513 2312 595 2370; x_wconf 86' lang='lat' dir='ltr'><strong>hanc</strong></span> <span class='ocrx_word' id='word_1_148' title='bbox 626 2326 698 2371; x_wconf 88' lang='lat' dir='ltr'><strong>esse</strong></span> <span class='ocrx_word' id='word_1_149' title='bbox 728 2311 797 2371; x_wconf 89' lang='lat' dir='ltr'><strong>sive</strong></span> <span class='ocrx_word' id='word_1_150' title='bbox 828 2313 897 2372; x_wconf 85' lang='lat' dir='ltr'><strong>eius</strong></span> <span class='ocrx_word' id='word_1_151' title='bbox 927 2314 997 2372; x_wconf 84' lang='lat' dir='ltr'><strong>sive</strong></span> <span class='ocrx_word' id='word_1_152' title='bbox 1027 2313 1165 2372; x_wconf 87' lang='lat' dir='ltr'><strong>aliorum</strong></span> <span class='ocrx_word' id='word_1_153' title='bbox 1196 2312 1381 2372; x_wconf 89' lang='lat' dir='ltr'><strong>criticorum</strong></span> <span class='ocrx_word' id='word_1_154' title='bbox 1413 2311 1628 2371; x_wconf 86' lang='lat' dir='ltr'><strong>sententiam:</strong></span> 
     </span>
     <span class='ocr_line' id='line_1_17' title="bbox 368 2411 1627 2487; baseline -0.002 -15"><span class='ocrx_word' id='word_1_155' title='bbox 368 2412 449 2472; x_wconf 80' lang='lat' dir='ltr'><strong>diras</strong></span> <span class='ocrx_word' id='word_1_156' title='bbox 479 2412 576 2486; x_wconf 88' lang='lat' dir='ltr'><strong>igitur</strong></span> <span class='ocrx_word' id='word_1_157' title='bbox 608 2412 677 2473; x_wconf 88' lang='lat' dir='ltr'><strong>vias</strong></span> <span class='ocrx_word' id='word_1_158' title='bbox 707 2414 855 2487; x_wconf 87' lang='lat' dir='ltr'><strong>patentes</strong></span> <span class='ocrx_word' id='word_1_159' title='bbox 884 2413 945 2474; x_wconf 86' lang='lat' dir='ltr'><strong>sibi</strong></span> <span class='ocrx_word' id='word_1_160' title='bbox 976 2414 1071 2474; x_wconf 85' lang='lat' dir='ltr'><strong>babet</strong></span> <span class='ocrx_word' id='word_1_161' title='bbox 1102 2413 1155 2486; x_wconf 89' lang='lat' dir='ltr'><strong>qui</strong></span> <span class='ocrx_word' id='word_1_162' title='bbox 1181 2413 1227 2472; x_wconf 87' lang='lat' dir='ltr'><strong>ita</strong></span> <span class='ocrx_word' id='word_1_163' title='bbox 1250 2411 1378 2472; x_wconf 78' lang='lat' dir='ltr'><strong>imitari.</strong></span> <span class='ocrx_word' id='word_1_164' title='bbox 1410 2414 1476 2472; x_wconf 85' lang='lat' dir='ltr'><strong>liat</strong></span> <span class='ocrx_word' id='word_1_165' title='bbox 1502 2415 1627 2470; x_wconf 87' lang='lat' dir='ltr'><strong>conton-</strong></span> 
     </span>
     <span class='ocr_line' id='line_1_18' title="bbox 367 2514 1629 2592; baseline -0.002 -16"><span class='ocrx_word' id='word_1_166' title='bbox 367 2516 441 2576; x_wconf 91' lang='lat' dir='ltr'><strong>dere</strong></span> <span class='ocrx_word' id='word_1_167' title='bbox 465 2517 571 2590; x_wconf 86' lang='lat' dir='ltr'><strong>potost</strong></span> <span class='ocrx_word' id='word_1_168' title='bbox 592 2515 745 2592; x_wconf 86' lang='lat' dir='ltr'><strong>carmina,</strong></span> <span class='ocrx_word' id='word_1_169' title='bbox 772 2531 853 2590; x_wconf 69' lang='lat' dir='ltr'><strong>cquae</strong></span> <span class='ocrx_word' id='word_1_170' title='bbox 875 2514 935 2591; x_wconf 88' lang='lat' dir='ltr'><strong>ipsi</strong></span> <span class='ocrx_word' id='word_1_171' title='bbox 959 2520 1071 2591; x_wconf 88' lang='lat' dir='ltr'><strong>poetae</strong></span> <span class='ocrx_word' id='word_1_172' title='bbox 1095 2517 1246 2592; x_wconf 85' lang='lat' dir='ltr'><strong>locarant,</strong></span> <span class='ocrx_word' id='word_1_173' title='bbox 1270 2516 1302 2574; x_wconf 90' lang='lat' dir='ltr'><strong>in</strong></span> <span class='ocrx_word' id='word_1_174' title='bbox 1325 2531 1425 2590; x_wconf 87' lang='lat' dir='ltr'><strong>parva</strong></span> <span class='ocrx_word' id='word_1_175' title='bbox 1448 2517 1629 2588; x_wconf 80' lang='lat' dir='ltr'><strong>fragmenta</strong></span> 
     </span>
     <span class='ocr_line' id='line_1_19' title="bbox 369 2619 1628 2693; baseline -0.002 -15"><span class='ocrx_word' id='word_1_176' title='bbox 369 2633 446 2678; x_wconf 86' lang='lat' dir='ltr'><strong>esse</strong></span> <span class='ocrx_word' id='word_1_177' title='bbox 472 2619 671 2677; x_wconf 89' lang='lat' dir='ltr'><strong>comminuta</strong></span> <span class='ocrx_word' id='word_1_178' title='bbox 701 2621 734 2676; x_wconf 92' lang='lat' dir='ltr'><strong>et</strong></span> <span class='ocrx_word' id='word_1_179' title='bbox 762 2620 891 2678; x_wconf 89' lang='lat' dir='ltr'><strong>tantum</strong></span> <span class='ocrx_word' id='word_1_180' title='bbox 919 2633 982 2678; x_wconf 93' lang='lat' dir='ltr'><strong>non</strong></span> <span class='ocrx_word' id='word_1_181' title='bbox 1013 2619 1156 2693; x_wconf 88' lang='lat' dir='ltr'><strong>periisse,</strong></span> <span class='ocrx_word' id='word_1_182' title='bbox 1188 2619 1316 2678; x_wconf 91' lang='lat' dir='ltr'><strong>mutata</strong></span> <span class='ocrx_word' id='word_1_183' title='bbox 1346 2619 1432 2678; x_wconf 89' lang='lat' dir='ltr'><strong>enim</strong></span> <span class='ocrx_word' id='word_1_184' title='bbox 1461 2619 1628 2678; x_wconf 89' lang='lat' dir='ltr'><strong>decurtata</strong></span> 
     </span>
     <span class='ocr_line' id='line_1_20' title="bbox 369 2717 1629 2792; baseline -0.002 -15"><span class='ocrx_word' id='word_1_185' title='bbox 369 2717 565 2792; x_wconf 81' lang='lat' dir='ltr'><strong>amplificata</strong></span> <span class='ocrx_word' id='word_1_186' title='bbox 594 2732 666 2778; x_wconf 86' lang='lat' dir='ltr'><strong>esse</strong></span> <span class='ocrx_word' id='word_1_187' title='bbox 694 2719 803 2778; x_wconf 91' lang='lat' dir='ltr'><strong>omnia</strong></span> <span class='ocrx_word' id='word_1_188' title='bbox 832 2721 866 2779; x_wconf 91' lang='lat' dir='ltr'><strong>et</strong></span> <span class='ocrx_word' id='word_1_189' title='bbox 895 2719 951 2778; x_wconf 83' lang='lat' dir='ltr'><strong>uix</strong></span> <span class='ocrx_word' id='word_1_190' title='bbox 980 2734 1080 2779; x_wconf 92' lang='lat' dir='ltr'><strong>unum</strong></span> <span class='ocrx_word' id='word_1_191' title='bbox 1110 2721 1144 2779; x_wconf 92' lang='lat' dir='ltr'><strong>et</strong></span> <span class='ocrx_word' id='word_1_192' title='bbox 1166 2718 1304 2779; x_wconf 86' lang='lat' dir='ltr'><strong>alterum</strong></span> <span class='ocrx_word' id='word_1_193' title='bbox 1327 2719 1556 2779; x_wconf 85' lang='lat' dir='ltr'><strong>hexametrum</strong></span> <span class='ocrx_word' id='word_1_194' title='bbox 1579 2732 1629 2776; x_wconf 91' lang='lat' dir='ltr'><strong>su·</strong></span> 
     </span>
     <span class='ocr_line' id='line_1_21' title="bbox 369 2819 1632 2897; baseline -0.003 -16"><span class='ocrx_word' id='word_1_195' title='bbox 369 2835 497 2894; x_wconf 89' lang='lat' dir='ltr'><strong>peresse</strong></span> <span class='ocrx_word' id='word_1_196' title='bbox 535 2820 635 2880; x_wconf 88' lang='lat' dir='ltr'><strong>talem</strong></span> <span class='ocrx_word' id='word_1_197' title='bbox 673 2820 779 2893; x_wconf 88' lang='lat' dir='ltr'><strong>qualis</strong></span> <span class='ocrx_word' id='word_1_198' title='bbox 817 2835 857 2880; x_wconf 86' lang='lat' dir='ltr'><strong>ex</strong></span> <span class='ocrx_word' id='word_1_199' title='bbox 894 2823 1008 2894; x_wconf 88' lang='lat' dir='ltr'><strong>poetae</strong></span> <span class='ocrx_word' id='word_1_200' title='bbox 1045 2836 1100 2882; x_wconf 90' lang='lat' dir='ltr'><strong>ore</strong></span> <span class='ocrx_word' id='word_1_201' title='bbox 1131 2821 1299 2897; x_wconf 89' lang='lat' dir='ltr'><strong>prodierit;</strong></span> <span class='ocrx_word' id='word_1_202' title='bbox 1332 2821 1390 2880; x_wconf 91' lang='lat' dir='ltr'><strong>aut</strong></span> <span class='ocrx_word' id='word_1_203' title='bbox 1421 2834 1496 2879; x_wconf 90' lang='lat' dir='ltr'><strong>cum</strong></span> <span class='ocrx_word' id='word_1_204' title='bbox 1524 2819 1632 2878; x_wconf 79' lang='lat' dir='ltr'><strong>Ficlrio</strong></span> 
     </span>
     <span class='ocr_line' id='line_1_22' title="bbox 369 2921 1631 2996; baseline -0.001 -16"><span class='ocrx_word' id='word_1_205' title='bbox 369 2923 475 2995; x_wconf 89' lang='lat' dir='ltr'><strong>potest</strong></span> <span class='ocrx_word' id='word_1_206' title='bbox 505 2935 646 2995; x_wconf 89' lang='lat' dir='ltr'><strong>censere,</strong></span> <span class='ocrx_word' id='word_1_207' title='bbox 677 2921 809 2994; x_wconf 86' lang='lat' dir='ltr'><strong>antiqua</strong></span> <span class='ocrx_word' id='word_1_208' title='bbox 830 2923 974 2982; x_wconf 87' lang='lat' dir='ltr'><strong>carmina</strong></span> <span class='ocrx_word' id='word_1_209' title='bbox 1000 2923 1186 2982; x_wconf 89' lang='lat' dir='ltr'><strong>etiamnunc</strong></span> <span class='ocrx_word' id='word_1_210' title='bbox 1209 2923 1292 2982; x_wconf 86' lang='lat' dir='ltr'><strong>eatis</strong></span> <span class='ocrx_word' id='word_1_211' title='bbox 1314 2923 1439 2995; x_wconf 88' lang='lat' dir='ltr'><strong>integra</strong></span> <span class='ocrx_word' id='word_1_212' title='bbox 1462 2935 1631 2996; x_wconf 87' lang='lat' dir='ltr'><strong>superesse</strong></span> 
     </span>
     <span class='ocr_line' id='line_1_23' title="bbox 370 3022 1631 3098; baseline 0 -18"><span class='ocrx_word' id='word_1_213' title='bbox 370 3037 428 3081; x_wconf 88' lang='lat' dir='ltr'><strong>nec</strong></span> <span class='ocrx_word' id='word_1_214' title='bbox 459 3024 584 3094; x_wconf 89' lang='lat' dir='ltr'><strong>praeter</strong></span> <span class='ocrx_word' id='word_1_215' title='bbox 613 3037 705 3095; x_wconf 90' lang='lat' dir='ltr'><strong>spem</strong></span> <span class='ocrx_word' id='word_1_216' title='bbox 734 3024 868 3082; x_wconf 90' lang='lat' dir='ltr'><strong>sanandi</strong></span> <span class='ocrx_word' id='word_1_217' title='bbox 899 3027 1056 3098; x_wconf 88' lang='lat' dir='ltr'><strong>corrupta,</strong></span> <span class='ocrx_word' id='word_1_218' title='bbox 1088 3023 1144 3083; x_wconf 87' lang='lat' dir='ltr'><strong>sed</strong></span> <span class='ocrx_word' id='word_1_219' title='bbox 1167 3023 1199 3084; x_wconf 90' lang='lat' dir='ltr'><strong>in</strong></span> <span class='ocrx_word' id='word_1_220' title='bbox 1224 3025 1367 3083; x_wconf 88' lang='lat' dir='ltr'><strong>ionicam</strong></span> <span class='ocrx_word' id='word_1_221' title='bbox 1390 3022 1565 3082; x_wconf 87' lang='lat' dir='ltr'><strong>dialectum</strong></span> <span class='ocrx_word' id='word_1_222' title='bbox 1590 3037 1631 3081; x_wconf 85' lang='lat' dir='ltr'><strong>ex</strong></span> 
     </span>
     <span class='ocr_line' id='line_1_24' title="bbox 371 3121 1633 3197; baseline 0 -18"><span class='ocrx_word' id='word_1_223' title='bbox 371 3121 501 3180; x_wconf 86' lang='lat' dir='ltr'><strong>Aeolica</strong></span> <span class='ocrx_word' id='word_1_224' title='bbox 531 3124 701 3191; x_wconf 83' lang='lat' dir='ltr'><strong>(quatenus</strong></span> <span class='ocrx_word' id='word_1_225' title='bbox 730 3122 761 3181; x_wconf 96' lang='lat' dir='ltr'><strong>id</strong></span> <span class='ocrx_word' id='word_1_226' title='bbox 792 3123 862 3182; x_wconf 89' lang='lat' dir='ltr'><strong>sine</strong></span> <span class='ocrx_word' id='word_1_227' title='bbox 893 3124 1046 3184; x_wconf 81' lang='lat' dir='ltr'><strong>violentia</strong></span> <span class='ocrx_word' id='word_1_228' title='bbox 1068 3123 1137 3183; x_wconf 81' lang='lat' dir='ltr'><strong>fleri</strong></span> <span class='ocrx_word' id='word_1_229' title='bbox 1164 3127 1299 3197; x_wconf 86' lang='lat' dir='ltr'><strong>poterat)</strong></span> <span class='ocrx_word' id='word_1_230' title='bbox 1323 3137 1479 3182; x_wconf 87' lang='lat' dir='ltr'><strong>conversa</strong></span> <span class='ocrx_word' id='word_1_231' title='bbox 1502 3137 1576 3181; x_wconf 89' lang='lat' dir='ltr'><strong>esse</strong></span> <span class='ocrx_word' id='word_1_232' title='bbox 1600 3125 1633 3180; x_wconf 89' lang='lat' dir='ltr'><strong>et</strong></span> 
     </span>
     <span class='ocr_line' id='line_1_25' title="bbox 370 3220 1631 3294; baseline 0.002 -17"><span class='ocrx_word' id='word_1_233' title='bbox 370 3220 483 3278; x_wconf 90' lang='lat' dir='ltr'><strong>multis</strong></span> <span class='ocrx_word' id='word_1_234' title='bbox 514 3221 727 3279; x_wconf 90' lang='lat' dir='ltr'><strong>recentiorum</strong></span> <span class='ocrx_word' id='word_1_235' title='bbox 757 3221 985 3281; x_wconf 81' lang='lat' dir='ltr'><strong>additamentis</strong></span> <span class='ocrx_word' id='word_1_236' title='bbox 1014 3226 1147 3294; x_wconf 88' lang='lat' dir='ltr'><strong>onusta;</strong></span> <span class='ocrx_word' id='word_1_237' title='bbox 1177 3224 1256 3282; x_wconf 87' lang='lat' dir='ltr'><strong>baec</strong></span> <span class='ocrx_word' id='word_1_238' title='bbox 1286 3222 1460 3282; x_wconf 88' lang='lat' dir='ltr'><strong>resecanda</strong></span> <span class='ocrx_word' id='word_1_239' title='bbox 1490 3237 1574 3294; x_wconf 89' lang='lat' dir='ltr'><strong>esse,</strong></span> <span class='ocrx_word' id='word_1_240' title='bbox 1598 3223 1631 3279; x_wconf 93' lang='lat' dir='ltr'><strong>in</strong></span> 
     </span>
     <span class='ocr_line' id='line_1_26' title="bbox 371 3319 1633 3393; baseline 0.002 -18"><span class='ocrx_word' id='word_1_241' title='bbox 371 3319 518 3388; x_wconf 88' lang='lat' dir='ltr'><strong>genuinis</strong></span> <span class='ocrx_word' id='word_1_242' title='bbox 541 3333 615 3376; x_wconf 86' lang='lat' dir='ltr'><strong>vero</strong></span> <span class='ocrx_word' id='word_1_243' title='bbox 637 3319 782 3378; x_wconf 89' lang='lat' dir='ltr'><strong>versibus</strong></span> <span class='ocrx_word' id='word_1_244' title='bbox 802 3323 835 3378; x_wconf 88' lang='lat' dir='ltr'><strong>et</strong></span> <span class='ocrx_word' id='word_1_245' title='bbox 853 3321 917 3380; x_wconf 87' lang='lat' dir='ltr'><strong>alia</strong></span> <span class='ocrx_word' id='word_1_246' title='bbox 937 3335 1018 3393; x_wconf 85' lang='lat' dir='ltr'><strong>quae</strong></span> <span class='ocrx_word' id='word_1_247' title='bbox 1042 3322 1172 3380; x_wconf 82' lang='lat' dir='ltr'><strong>Aeolica</strong></span> <span class='ocrx_word' id='word_1_248' title='bbox 1190 3321 1348 3380; x_wconf 89' lang='lat' dir='ltr'><strong>dialectus</strong></span> <span class='ocrx_word' id='word_1_249' title='bbox 1372 3323 1497 3393; x_wconf 87' lang='lat' dir='ltr'><strong>propria</strong></span> <span class='ocrx_word' id='word_1_250' title='bbox 1521 3320 1633 3378; x_wconf 89' lang='lat' dir='ltr'><strong>babuit</strong></span> 
     </span>
     <span class='ocr_line' id='line_1_27' title="bbox 371 3416 1631 3492; baseline 0.005 -20"><span class='ocrx_word' id='word_1_251' title='bbox 371 3416 569 3475; x_wconf 88' lang='lat' dir='ltr'><strong>restituenda</strong></span> <span class='ocrx_word' id='word_1_252' title='bbox 591 3431 663 3475; x_wconf 89' lang='lat' dir='ltr'><strong>esse</strong></span> <span class='ocrx_word' id='word_1_253' title='bbox 685 3417 838 3492; x_wconf 89' lang='lat' dir='ltr'><strong>(psiiosin,</strong></span> <span class='ocrx_word' id='word_1_254' title='bbox 863 3431 892 3492; x_wconf 79' lang='lat' dir='ltr'><strong>e,</strong></span> <span class='ocrx_word' id='word_1_255' title='bbox 913 3416 1027 3477; x_wconf 69' lang='lat' dir='ltr'><strong>intelle</strong></span> <span class='ocrx_word' id='word_1_256' title='bbox 1051 3422 1123 3488; x_wconf 87' lang='lat' dir='ltr'><strong>etc.)</strong></span> <span class='ocrx_word' id='word_1_257' title='bbox 1146 3422 1179 3480; x_wconf 89' lang='lat' dir='ltr'><strong>et</strong></span> <span class='ocrx_word' id='word_1_258' title='bbox 1199 3420 1364 3492; x_wconf 88' lang='lat' dir='ltr'><strong>digamma</strong></span> <span class='ocrx_word' id='word_1_259' title='bbox 1376 3423 1408 3488; x_wconf 85' lang='lat'><strong>²).</strong></span> <span class='ocrx_word' id='word_1_260' title='bbox 1430 3421 1474 3478; x_wconf 82' lang='lat' dir='ltr'><strong>At</strong></span> <span class='ocrx_word' id='word_1_261' title='bbox 1493 3421 1631 3478; x_wconf 91' lang='lat' dir='ltr'><strong>duarum</strong></span> 
     </span>
     <span class='ocr_line' id='line_1_28' title="bbox 369 3514 1631 3593; baseline 0.006 -22"><span class='ocrx_word' id='word_1_262' title='bbox 369 3514 484 3573; x_wconf 90' lang='lat' dir='ltr'><strong>barum</strong></span> <span class='ocrx_word' id='word_1_263' title='bbox 508 3515 692 3589; x_wconf 89' lang='lat' dir='ltr'><strong>opinionum</strong></span> <span class='ocrx_word' id='word_1_264' title='bbox 716 3517 799 3590; x_wconf 90' lang='lat' dir='ltr'><strong>prior</strong></span> <span class='ocrx_word' id='word_1_265' title='bbox 823 3533 860 3578; x_wconf 94' lang='lat' dir='ltr'><strong>eo</strong></span> <span class='ocrx_word' id='word_1_266' title='bbox 883 3519 967 3579; x_wconf 89' lang='lat' dir='ltr'><strong>redit</strong></span> <span class='ocrx_word' id='word_1_267' title='bbox 989 3521 1026 3579; x_wconf 91' lang='lat' dir='ltr'><strong>ut</strong></span> <span class='ocrx_word' id='word_1_268' title='bbox 1048 3521 1194 3580; x_wconf 90' lang='lat' dir='ltr'><strong>carmina</strong></span> <span class='ocrx_word' id='word_1_269' title='bbox 1218 3520 1444 3580; x_wconf 90' lang='lat' dir='ltr'><strong>Homerica-</strong></span> <span class='ocrx_word' id='word_1_270' title='bbox 1458 3536 1485 3580; x_wconf 86' lang='lat' dir='ltr'><strong>e.</strong></span> <span class='ocrx_word' id='word_1_271' title='bbox 1499 3535 1529 3593; x_wconf 88' lang='lat' dir='ltr'><strong>g.</strong></span> <span class='ocrx_word' id='word_1_272' title='bbox 1550 3521 1631 3593; x_wconf 79' lang='lat' dir='ltr'><strong>Aga·</strong></span> 
     </span>
     <span class='ocr_line' id='line_1_29' title="bbox 373 3615 1632 3695; baseline 0.007 -24"><span class='ocrx_word' id='word_1_273' title='bbox 373 3615 554 3674; x_wconf 88' lang='lat' dir='ltr'><strong>memnonis</strong></span> <span class='ocrx_word' id='word_1_274' title='bbox 584 3631 658 3676; x_wconf 88' lang='lat' dir='ltr'><strong>cum</strong></span> <span class='ocrx_word' id='word_1_275' title='bbox 688 3617 811 3678; x_wconf 82' lang='lat' dir='ltr'><strong>Achille</strong></span> <span class='ocrx_word' id='word_1_276' title='bbox 841 3619 947 3679; x_wconf 88' lang='lat' dir='ltr'><strong>rixam</strong></span> <span class='ocrx_word' id='word_1_277' title='bbox 980 3621 1030 3680; x_wconf 85' lang='lat' dir='ltr'><strong>vel</strong></span> <span class='ocrx_word' id='word_1_278' title='bbox 1061 3636 1172 3695; x_wconf 89' lang='lat' dir='ltr'><strong>preces</strong></span> <span class='ocrx_word' id='word_1_279' title='bbox 1203 3621 1322 3681; x_wconf 91' lang='lat' dir='ltr'><strong>Priami</strong></span> <span class='ocrx_word' id='word_1_280' title='bbox 1346 3621 1397 3680; x_wconf 85' lang='lat' dir='ltr'><strong>vel</strong></span> <span class='ocrx_word' id='word_1_281' title='bbox 1421 3620 1529 3681; x_wconf 84' lang='lat' dir='ltr'><strong>Ulixis</strong></span> <span class='ocrx_word' id='word_1_282' title='bbox 1552 3635 1632 3680; x_wconf 90' lang='lat' dir='ltr'><strong>erro·</strong></span> 
     </span>
     <span class='ocr_line' id='line_1_30' title="bbox 373 3719 1633 3781; baseline 0.008 -11"><span class='ocrx_word' id='word_1_283' title='bbox 373 3727 425 3771; x_wconf 89' lang='lat' dir='ltr'><strong>res</strong></span> <span class='ocrx_word' id='word_1_284' title='bbox 449 3745 488 3756; x_wconf 91' lang='lat'><strong>-—</strong></span> <span class='ocrx_word' id='word_1_285' title='bbox 513 3729 575 3774; x_wconf 90' lang='lat' dir='ltr'><strong>non</strong></span> <span class='ocrx_word' id='word_1_286' title='bbox 610 3730 686 3775; x_wconf 87' lang='lat' dir='ltr'><strong>vera</strong></span> <span class='ocrx_word' id='word_1_287' title='bbox 719 3719 863 3778; x_wconf 87' lang='lat' dir='ltr'><strong>carmina</strong></span> <span class='ocrx_word' id='word_1_288' title='bbox 896 3735 968 3780; x_wconf 87' lang='lat' dir='ltr'><strong>esee</strong></span> <span class='ocrx_word' id='word_1_289' title='bbox 999 3721 1168 3781; x_wconf 89' lang='lat' dir='ltr'><strong>credamus</strong></span> <span class='ocrx_word' id='word_1_290' title='bbox 1199 3722 1255 3781; x_wconf 91' lang='lat' dir='ltr'><strong>sed</strong></span> <span class='ocrx_word' id='word_1_291' title='bbox 1288 3722 1468 3781; x_wconf 85' lang='lat' dir='ltr'><strong>carminum</strong></span> <span class='ocrx_word' id='word_1_292' title='bbox 1501 3722 1633 3781; x_wconf 90' lang='lat' dir='ltr'><strong>umbras</strong></span> 
     </span>
     <span class='ocr_line' id='line_1_31' title="bbox 373 3817 1633 3896; baseline 0.01 -26"><span class='ocrx_word' id='word_1_293' title='bbox 373 3828 586 3886; x_wconf 85' lang='lat' dir='ltr'><strong>versuumque</strong></span> <span class='ocrx_word' id='word_1_294' title='bbox 611 3817 740 3894; x_wconf 89' lang='lat' dir='ltr'><strong>rudera;</strong></span> <span class='ocrx_word' id='word_1_295' title='bbox 765 3835 805 3878; x_wconf 85' lang='lat' dir='ltr'><strong>ex</strong></span> <span class='ocrx_word' id='word_1_296' title='bbox 829 3819 986 3895; x_wconf 87' lang='lat' dir='ltr'><strong>lapidibus</strong></span> <span class='ocrx_word' id='word_1_297' title='bbox 1010 3822 1122 3896; x_wconf 90' lang='lat' dir='ltr'><strong>tempii</strong></span> <span class='ocrx_word' id='word_1_298' title='bbox 1147 3823 1271 3896; x_wconf 86' lang='lat' dir='ltr'><strong>antiqui</strong></span> <span class='ocrx_word' id='word_1_299' title='bbox 1295 3825 1424 3896; x_wconf 89' lang='lat' dir='ltr'><strong>tuguria</strong></span> <span class='ocrx_word' id='word_1_300' title='bbox 1448 3826 1481 3882; x_wconf 88' lang='lat' dir='ltr'><strong>et</strong></span> <span class='ocrx_word' id='word_1_301' title='bbox 1504 3823 1633 3883; x_wconf 84' lang='lat' dir='ltr'><strong>stabula</strong></span> 
     </span>
     <span class='ocr_line' id='line_1_32' title="bbox 374 3913 1634 4001; baseline 0.008 -30"><span class='ocrx_word' id='word_1_302' title='bbox 374 3913 442 3972; x_wconf 92' lang='lat' dir='ltr'><strong>rudi</strong></span> <span class='ocrx_word' id='word_1_303' title='bbox 476 3918 546 3975; x_wconf 87' lang='lat' dir='ltr'><strong>arte</strong></span> <span class='ocrx_word' id='word_1_304' title='bbox 580 3917 703 3978; x_wconf 89' lang='lat' dir='ltr'><strong>structa</strong></span> <span class='ocrx_word' id='word_1_305' title='bbox 736 3935 826 3996; x_wconf 84' lang='lat' dir='ltr'><strong>esee;</strong></span> <span class='ocrx_word' id='word_1_306' title='bbox 857 3923 944 3997; x_wconf 91' lang='lat' dir='ltr'><strong>ipsos</strong></span> <span class='ocrx_word' id='word_1_307' title='bbox 976 3924 1105 3996; x_wconf 89' lang='lat' dir='ltr'><strong>quidem</strong></span> <span class='ocrx_word' id='word_1_308' title='bbox 1136 3927 1248 3998; x_wconf 90' lang='lat' dir='ltr'><strong>poetas</strong></span> <span class='ocrx_word' id='word_1_309' title='bbox 1279 3925 1400 3985; x_wconf 79' lang='lat' dir='ltr'><strong>dixisse</strong></span> <span class='ocrx_word' id='word_1_310' title='bbox 1429 3924 1495 3998; x_wconf 80' lang='grc' dir='ltr'><strong><em>φίλε</em></strong></span> <span class='ocrx_word' id='word_1_311' title='bbox 1525 3919 1634 4001; x_wconf 69' lang='lat' dir='ltr'><strong>fesvpl</strong></span> 
     </span>
     <span class='ocr_line' id='line_1_33' title="bbox 372 4014 1633 4110; baseline 0.008 -37"><span class='ocrx_word' id='word_1_312' title='bbox 372 4014 490 4088; x_wconf 58' lang='lat' dir='ltr'><strong>afraria</strong></span> <span class='ocrx_word' id='word_1_313' title='bbox 520 4037 549 4076; x_wconf 81' lang='grc' dir='ltr'><strong>τε</strong></span> <span class='ocrx_word' id='word_1_314' title='bbox 583 4017 632 4078; x_wconf 83' lang='lat' dir='ltr'><strong>vel</strong></span> <span class='ocrx_word' id='word_1_315' title='bbox 661 4019 747 4094; x_wconf 66' lang='lat' dir='ltr'><strong>rain</strong></span> <span class='ocrx_word' id='word_1_316' title='bbox 777 4019 809 4082; x_wconf 82' lang='lat' dir='ltr'><strong>tl</strong></span> <span class='ocrx_word' id='word_1_317' title='bbox 838 4024 897 4084; x_wconf 67' lang='lat' dir='ltr'><strong>for·</strong></span> <span class='ocrx_word' id='word_1_318' title='bbox 928 4022 1000 4086; x_wconf 67' lang='grc' dir='ltr'><strong>ἀλλὰ</strong></span> <span class='ocrx_word' id='word_1_319' title='bbox 1031 4023 1158 4106; x_wconf 69' lang='grc' dir='ltr'><strong><em>Ηκηλος</em></strong></span> <span class='ocrx_word' id='word_1_320' title='bbox 1179 4023 1184 4110; x_wconf 83' lang='grc' dir='ltr'>Ι</span> <span class='ocrx_word' id='word_1_321' title='bbox 1203 4022 1333 4106; x_wconf 61' lang='grc' dir='ltr'><strong>ἱερρέτω</strong></span> <span class='ocrx_word' id='word_1_322' title='bbox 1366 4027 1416 4088; x_wconf 87' lang='lat' dir='ltr'><strong>vel</strong></span> <span class='ocrx_word' id='word_1_323' title='bbox 1448 4017 1496 4084; x_wconf 79' lang='lat' dir='ltr'><strong>oli</strong></span> <span class='ocrx_word' id='word_1_324' title='bbox 1527 4046 1556 4086; x_wconf 81' lang='grc' dir='ltr'><strong>τε</strong></span> <span class='ocrx_word' id='word_1_325' title='bbox 1585 4025 1633 4109; x_wconf 64' lang='lat' dir='ltr'><strong>i&#39;gb</strong></span> 
     </span>
    </p>
   </div>
   <div class='ocr_carea' id='block_1_3' title="bbox 373 4117 1634 4207">
    <p class='ocr_par' dir='ltr' id='par_1_4' title="bbox 373 4117 1634 4207">
     <span class='ocr_line' id='line_1_34' title="bbox 373 4117 1634 4207; baseline 0.01 -30"><span class='ocrx_word' id='word_1_326' title='bbox 373 4117 475 4197; x_wconf 61' lang='lat' dir='ltr'><strong>inrupi</strong></span> <span class='ocrx_word' id='word_1_327' title='bbox 497 4118 594 4193; x_wconf 65' lang='lat' dir='ltr'><strong>feva}</strong></span> <span class='ocrx_word' id='word_1_328' title='bbox 617 4117 749 4202; x_wconf 76' lang='grc' dir='ltr'><em>ἐύθυμος</em></span> <span class='ocrx_word' id='word_1_329' title='bbox 770 4123 868 4206; x_wconf 72' lang='grc' dir='ltr'><strong><em>ἔδωκε,</em></strong></span> <span class='ocrx_word' id='word_1_330' title='bbox 887 4130 942 4190; x_wconf 89' lang='lat' dir='ltr'><strong>sed</strong></span> <span class='ocrx_word' id='word_1_331' title='bbox 963 4129 995 4190; x_wconf 92' lang='lat' dir='ltr'><strong>in</strong></span> <span class='ocrx_word' id='word_1_332' title='bbox 1016 4130 1072 4192; x_wconf 91' lang='lat' dir='ltr'><strong>illa</strong></span> <span class='ocrx_word' id='word_1_333' title='bbox 1091 4131 1355 4192; x_wconf 84' lang='lat' dir='ltr'><strong>hexametrorum</strong></span> <span class='ocrx_word' id='word_1_334' title='bbox 1374 4129 1531 4207; x_wconf 91' lang='lat' dir='ltr'><strong>congerie,</strong></span> <span class='ocrx_word' id='word_1_335' title='bbox 1551 4143 1634 4202; x_wconf 90' lang='lat' dir='ltr'><strong>quae</strong></span> 
     </span>
    </p>
   </div>
   <div class='ocr_carea' id='block_1_4' title="bbox 375 4375 1634 4922">
    <p class='ocr_par' dir='ltr' id='par_1_5' title="bbox 376 4375 1632 4505">
     <span class='ocr_line' id='line_1_35' title="bbox 409 4375 1632 4448; baseline 0.007 -21"><span class='ocrx_word' id='word_1_336' title='bbox 409 4375 429 4444; x_wconf 86' lang='lat'><strong>¹)</strong></span> <span class='ocrx_word' id='word_1_337' title='bbox 446 4381 540 4429; x_wconf 79' lang='lat' dir='ltr'><strong>Erstne</strong></span> <span class='ocrx_word' id='word_1_338' title='bbox 565 4383 628 4432; x_wconf 78' lang='lat' dir='ltr'><strong>baec</strong></span> <span class='ocrx_word' id='word_1_339' title='bbox 653 4385 796 4434; x_wconf 78' lang='lat' dir='ltr'><strong>emendatio</strong></span> <span class='ocrx_word' id='word_1_340' title='bbox 819 4390 905 4447; x_wconf 73' lang='lat' dir='ltr'><strong>ignote</strong></span> <span class='ocrx_word' id='word_1_341' title='bbox 928 4389 1030 4436; x_wconf 74' lang='lat' dir='ltr'><strong>Fickioi</strong></span> <span class='ocrx_word' id='word_1_342' title='bbox 1055 4389 1142 4437; x_wconf 77' lang='lat' dir='ltr'><strong>Edidit</strong></span> <span class='ocrx_word' id='word_1_343' title='bbox 1161 4394 1230 4438; x_wconf 82' lang='lat' dir='ltr'><strong>certe</strong></span> <span class='ocrx_word' id='word_1_344' title='bbox 1248 4389 1273 4446; x_wconf 74' lang='grc' dir='ltr'><strong>ὃς</strong></span> <span class='ocrx_word' id='word_1_345' title='bbox 1289 4390 1336 4444; x_wconf 64' lang='lat' dir='ltr'><strong>dia</strong></span> <span class='ocrx_word' id='word_1_346' title='bbox 1354 4385 1394 4444; x_wconf 65' lang='lat' dir='ltr'><strong>ia</strong></span> <span class='ocrx_word' id='word_1_347' title='bbox 1411 4408 1451 4438; x_wconf 70' lang='lat' dir='ltr'><strong>xrs</strong></span> <span class='ocrx_word' id='word_1_348' title='bbox 1466 4391 1529 4447; x_wconf 75' lang='grc' dir='ltr'><strong>ἄγων</strong></span> <span class='ocrx_word' id='word_1_349' title='bbox 1545 4393 1632 4448; x_wconf 68' lang='grc' dir='ltr'><strong>Ἀχιλῆι</strong></span> 
     </span>
     <span class='ocr_line' id='line_1_36' title="bbox 376 4463 485 4505; baseline 0.009 -1"><span class='ocrx_word' id='word_1_350' title='bbox 376 4463 485 4505; x_wconf 73' lang='lat' dir='ltr'><strong>stridon.</strong></span> 
     </span>
    </p>

    <p class='ocr_par' dir='ltr' id='par_1_6' title="bbox 376 4477 1634 4746">
     <span class='ocr_line' id='line_1_37' title="bbox 411 4477 1634 4608; baseline 0.007 -25"><span class='ocrx_word' id='word_1_351' title='bbox 411 4533 432 4598; x_wconf 58' lang='grc' dir='ltr'><strong>θ)</strong></span> <span class='ocrx_word' id='word_1_352' title='bbox 449 4477 546 4584; x_wconf 48' lang='lat' dir='ltr'><strong>dovera</strong></span> <span class='ocrx_word' id='word_1_353' title='bbox 571 4540 636 4588; x_wconf 81' lang='lat' dir='ltr'><strong>hanc</strong></span> <span class='ocrx_word' id='word_1_354' title='bbox 667 4543 758 4592; x_wconf 75' lang='lat' dir='ltr'><strong>Generi</strong></span> <span class='ocrx_word' id='word_1_355' title='bbox 789 4557 846 4592; x_wconf 83' lang='lat' dir='ltr'><strong>esso</strong></span> <span class='ocrx_word' id='word_1_356' title='bbox 876 4547 1028 4595; x_wconf 81' lang='lat' dir='ltr'><strong>eorrtontlsm</strong></span> <span class='ocrx_word' id='word_1_357' title='bbox 1054 4547 1138 4594; x_wconf 81' lang='lat' dir='ltr'><strong>allicio</strong></span> <span class='ocrx_word' id='word_1_358' title='bbox 1163 4559 1195 4593; x_wconf 85' lang='lat' dir='ltr'><strong>ox</strong></span> <span class='ocrx_word' id='word_1_359' title='bbox 1221 4548 1253 4594; x_wconf 88' lang='lat' dir='ltr'><strong>lis</strong></span> <span class='ocrx_word' id='word_1_360' title='bbox 1277 4559 1343 4608; x_wconf 85' lang='lat' dir='ltr'><strong>qnae</strong></span> <span class='ocrx_word' id='word_1_361' title='bbox 1370 4546 1474 4606; x_wconf 83' lang='lat' dir='ltr'><strong>scripsit</strong></span> <span class='ocrx_word' id='word_1_362' title='bbox 1496 4548 1522 4594; x_wconf 90' lang='lat' dir='ltr'><strong>iu</strong></span> <span class='ocrx_word' id='word_1_363' title='bbox 1546 4543 1634 4592; x_wconf 86' lang='lat' dir='ltr'><strong>Iliadis</strong></span> 
     </span>
     <span class='ocr_line' id='line_1_38' title="bbox 380 4617 1633 4710; baseline 0.004 -44"><span class='ocrx_word' id='word_1_364' title='bbox 380 4617 486 4710; x_wconf 65' lang='lat' dir='ltr'><strong>praelat</strong></span> <span class='ocrx_word' id='word_1_365' title='bbox 510 4631 534 4678; x_wconf 90' lang='lat' dir='ltr'><strong>p.</strong></span> <span class='ocrx_word' id='word_1_366' title='bbox 559 4631 606 4666; x_wconf 84' lang='lat' dir='ltr'><strong>xrrr</strong></span> <span class='ocrx_word' id='word_1_367' title='bbox 629 4635 665 4682; x_wconf 90' lang='lat' dir='ltr'><strong>sq.</strong></span> <span class='ocrx_word' id='word_1_368' title='bbox 688 4627 715 4672; x_wconf 92' lang='lat' dir='ltr'><strong>ot</strong></span> <span class='ocrx_word' id='word_1_369' title='bbox 736 4636 786 4672; x_wconf 86' lang='lat' dir='ltr'><strong>xrr.</strong></span> <span class='ocrx_word' id='word_1_370' title='bbox 810 4625 893 4674; x_wconf 75' lang='lat' dir='ltr'><strong>Etiam</strong></span> <span class='ocrx_word' id='word_1_371' title='bbox 916 4627 1055 4674; x_wconf 77' lang='lat' dir='ltr'><strong>Ludwiolrii</strong></span> <span class='ocrx_word' id='word_1_372' title='bbox 1078 4627 1226 4684; x_wconf 65' lang='lat' dir='ltr'><strong>(emurch.</strong></span> <span class='ocrx_word' id='word_1_373' title='bbox 1245 4627 1270 4672; x_wconf 89' lang='grc' dir='ltr'><strong>ΙΙ</strong></span> <span class='ocrx_word' id='word_1_374' title='bbox 1289 4639 1313 4686; x_wconf 84' lang='lat' dir='ltr'><strong>p.</strong></span> <span class='ocrx_word' id='word_1_375' title='bbox 1331 4627 1389 4684; x_wconf 71' lang='lat' dir='ltr'><strong>iili)</strong></span> <span class='ocrx_word' id='word_1_376' title='bbox 1410 4639 1440 4672; x_wconf 82' lang='lat' dir='ltr'><strong>ea</strong></span> <span class='ocrx_word' id='word_1_377' title='bbox 1459 4625 1633 4672; x_wconf 75' lang='lat' dir='ltr'><strong>videturesse</strong></span> 
     </span>
     <span class='ocr_line' id='line_1_39' title="bbox 376 4709 468 4746; baseline -0.022 0"><span class='ocrx_word' id='word_1_378' title='bbox 376 4709 468 4746; x_wconf 84' lang='lat' dir='ltr'><strong>ornrc.</strong></span> 
     </span>
    </p>

    <p class='ocr_par' dir='ltr' id='par_1_7' title="bbox 375 4711 1633 4922">
     <span class='ocr_line' id='line_1_40' title="bbox 392 4711 1633 4843; baseline 0.003 -21"><span class='ocrx_word' id='word_1_379' title='bbox 392 4711 427 4834; x_wconf 62' lang='grc' dir='ltr'><strong>ρ’)</strong></span> <span class='ocrx_word' id='word_1_380' title='bbox 446 4775 514 4833; x_wconf 81' lang='lat' dir='ltr'><strong>,Des</strong></span> <span class='ocrx_word' id='word_1_381' title='bbox 539 4775 674 4843; x_wconf 79' lang='lat' dir='ltr'><strong>digamma,</strong></span> <span class='ocrx_word' id='word_1_382' title='bbox 700 4779 809 4828; x_wconf 79' lang='lat' dir='ltr'><strong>weiohos</strong></span> <span class='ocrx_word' id='word_1_383' title='bbox 833 4795 882 4829; x_wconf 82' lang='lat' dir='ltr'><strong>nne</strong></span> <span class='ocrx_word' id='word_1_384' title='bbox 903 4783 1028 4831; x_wconf 83' lang='lat' dir='ltr'><strong>verbiotst</strong></span> <span class='ocrx_word' id='word_1_385' title='bbox 1049 4783 1145 4829; x_wconf 82' lang='lat' dir='ltr'><strong>Homer</strong></span> <span class='ocrx_word' id='word_1_386' title='bbox 1167 4781 1205 4829; x_wconf 84' lang='lat' dir='ltr'><strong>als</strong></span> <span class='ocrx_word' id='word_1_387' title='bbox 1223 4783 1315 4838; x_wconf 88' lang='lat' dir='ltr'><strong>Ionisr,</strong></span> <span class='ocrx_word' id='word_1_388' title='bbox 1335 4782 1388 4829; x_wconf 87' lang='lat' dir='ltr'><strong>und</strong></span> <span class='ocrx_word' id='word_1_389' title='bbox 1407 4795 1455 4828; x_wconf 84' lang='lat' dir='ltr'><strong>nne</strong></span> <span class='ocrx_word' id='word_1_390' title='bbox 1473 4781 1573 4839; x_wconf 84' lang='lat' dir='ltr'><strong>abtbigt</strong></span> <span class='ocrx_word' id='word_1_391' title='bbox 1589 4781 1633 4827; x_wconf 88' lang='lat' dir='ltr'><strong>ibn</strong></span> 
     </span>
     <span class='ocr_line' id='line_1_41' title="bbox 375 4855 1143 4922; baseline 0.007 -19"><span class='ocrx_word' id='word_1_392' title='bbox 375 4855 413 4903; x_wconf 79' lang='lat' dir='ltr'><strong>als</strong></span> <span class='ocrx_word' id='word_1_393' title='bbox 429 4855 520 4903; x_wconf 79' lang='lat' dir='ltr'><strong>Aooler</strong></span> <span class='ocrx_word' id='word_1_394' title='bbox 536 4869 568 4903; x_wconf 80' lang='lat' dir='ltr'><strong>au</strong></span> <span class='ocrx_word' id='word_1_395' title='bbox 586 4856 710 4907; x_wconf 65' lang='lat' dir='ltr'><strong>uenient</strong></span> <span class='ocrx_word' id='word_1_396' title='bbox 727 4859 788 4908; x_wconf 74' lang='lat' dir='ltr'><strong>riou</strong></span> <span class='ocrx_word' id='word_1_397' title='bbox 806 4861 895 4920; x_wconf 76' lang='lat' dir='ltr'><strong>odyss.</strong></span> <span class='ocrx_word' id='word_1_398' title='bbox 913 4875 938 4922; x_wconf 92' lang='lat' dir='ltr'><strong>p.</strong></span> <span class='ocrx_word' id='word_1_399' title='bbox 957 4863 971 4910; x_wconf 84' lang='lat' dir='ltr'><strong>&#39;i</strong></span> <span class='ocrx_word' id='word_1_400' title='bbox 989 4866 1016 4909; x_wconf 89' lang='lat' dir='ltr'><strong>ei</strong></span> <span class='ocrx_word' id='word_1_401' title='bbox 1032 4863 1143 4922; x_wconf 73' lang='lat' dir='ltr'><strong>saepias.</strong></span> 
     </span>
    </p>
   </div>
   <div class='ocr_carea' id='block_1_5' title="bbox 0 0 1937 5690">
    <p class='ocr_par' dir='ltr' id='par_1_8' title="bbox 0 0 1937 5690">
     <span class='ocr_line' id='line_1_42' title="bbox 0 0 1937 5690; baseline 0 0"><span class='ocrx_word' id='word_1_402' title='bbox 0 0 1937 5690; x_wconf 95' lang='lat' dir='ltr'><strong> </strong></span> 
     </span>
    </p>
   </div>
   <div class='ocr_carea' id='block_1_6' title="bbox 39 5381 485 5637">
    <p class='ocr_par' dir='ltr' id='par_1_9' title="bbox 39 5381 485 5637">
     <span class='ocr_line' id='line_1_43' title="bbox 39 5381 485 5637; baseline 0 0"><span class='ocrx_word' id='word_1_403' title='bbox 39 5381 52 5637; x_wconf 79' lang='lat' dir='ltr'><strong>l</strong></span> <span class='ocrx_word' id='word_1_404' title='bbox 212 5418 485 5637; x_wconf 61' lang='lat' dir='ltr'><em>J</em></span> 
     </span>
    </p>
   </div>
  </div>
 </body>
</html>
