3880 5678
962 743 1026 805 228
1529 733 1558 803 [ἕ
1583 731 1624 791 75

361 950 426 1011 lem
446 964 483 1007 u:
507 950 609 1024 γῆρυς,
632 937 800 1020 μελίγηρυς,
825 932 922 1010 ittig,
942 936 1070 1010 θρῆνυς,
1094 933 1190 1006 κῖκυς,
1211 922 1323 998 ὄκῑκυς.
1347 923 1501 985 Videatur
1523 921 1622 981 etium

361 1049 444 1110 inira
466 1052 568 1126 γρῆυς.

406 1222 501 1282 Vocis
534 1219 606 1297 βοῦς
624 1195 734 1275 'flexio
757 1212 837 1272 nihii
860 1210 958 1270 habet
980 1206 1110 1280 insoliti,
1134 1205 1197 1265 nisi
1220 1203 1303 1276 quod
1327 1201 1457 1261 dativus
1480 1201 1515 1258 et
1537 1212 1625 1257 eccu-

362 1324 488 1384 setivus
511 1317 638 1379 numeri
662 1313 796 1388 piuraiis
819 1309 976 1384 gemelius
998 1309 1119 1368 hubent
1137 1306 1259 1365 formes
1282 1302 1356 1379 βοῦς
1379 1302 1413 1360 et
1434 1297 1519 1376 βόας,
1539 1295 1630 1376 βουσί

362 1424 396 1483 ot
419 1419 529 1500 βόεσσι,
553 1419 707 1486 utresque
730 1411 844 1471 multis
867 1409 947 1469 iocis
970 1407 1089 1468 obvies.
1112 1404 1204 1480 Apud
1225 1401 1402 1464 Hesiodum
1426 1397 1544 1470 Tteog.
1562 1395 1626 1454 983

362 1539 419 1600 per
441 1519 605 1596 syuizesin
627 1510 852 1590 proferendum
876 1512 926 1572 est
949 1508 1040 1608 Qvo
1063 1508 1133 1568 ioco
1155 1505 1274 1580 spurio.

406 1713 560 1778 vocabuli
593 1716 686 1790 γρῆυς
717 1708 790 1776 (ω)
820 1705 947 1780 praeter
980 1699 1219 1762 nominativum
1255 1692 1426 1755 occurrunt
1460 1687 1628 1749 vocativus

362 1828 439 1902 γρῆυ
463 1821 496 1879 et
519 1814 649 1876 dativus
670 1808 747 1891 γρηῒ.
770 1806 986 1867 Acousetivus
1008 1819 1071 1864 non
1095 1799 1267 1874 invenitur,
1290 1794 1453 1871 genitivus
1473 1805 1536 1851 uno
1560 1789 1629 1849 ioco

363 1948 382 1983 α
406 1922 470 1982 433
494 1917 596 1994 extet,
620 1913 674 1975 ubi
697 1912 781 1973 sitne
803 1908 908 1990 γραίης
930 1907 1135 1969 scribendum
1158 1918 1199 1964 au
1221 1899 1311 1982 γρηός
1334 1896 1504 1958 incertum.
1526 1891 1628 1952 Mono-

365 2025 509 2102 syllabae
532 2021 655 2083 formae
678 2014 879 2090 reperiuntur
897 2019 990 2093 γρηῦς
1009 2034 1024 2072 τ
1042 2012 1105 2071 346
1127 2007 1232 2074 ω389
1253 2006 1286 2065 et
1304 2008 1381 2084 γρηῦ
1400 2020 1415 2058 τ
1435 1997 1498 2058 383
1519 2018 1534 2073 η
1554 1994 1629 2067 411,

366 2143 448 2204 ques
477 2127 514 2186 ut
536 2122 711 2184 recitemus
741 2123 833 2198 γρῆυς
857 2117 891 2176 et
912 2119 989 2194 γρῆυ
1013 2113 1064 2186 (ci.
1088 2113 1106 2182 ἓ
1132 2112 1183 2181 li)
1207 2107 1322 2169 enodet
1350 2103 1492 2163 metrum
1516 2119 1531 2156 τ
1555 2097 1629 2170 383,
1678 2171 1679 2174 ¹

366 2231 443 2291 sinii
467 2227 498 2288 id
521 2225 591 2286 iieri
613 2245 629 2282 ι
652 2220 716 2282 346
739 2242 756 2297 γ
780 2219 855 2294 411,
879 2217 1015 2278 vetate
1039 2213 1113 2274 383.

411 2407 482 2467 Vox
505 2409 581 2481 νηῦς
604 2401 652 2460 ite
678 2397 834 2459 flectitur:

609 2501 648 2563 N.
693 2507 769 2578 νηῦς
1047 2500 1113 2571 νῖγες
1152 2494 1185 2553 et
1207 2487 1279 2562 νέες.

611 2605 650 2664 Α.
695 2607 754 2679 νῆα
1047 2601 1121 2671 νῆας
1151 2596 1185 2655 et
1206 2591 1283 2666 νέᾶς.

613 2705 649 2764 G.
695 2700 767 2778 νηός
791 2702 825 2762 et
846 2696 913 2769 νεός
1046 2703 1129 2772 νηῶν
1152 2697 1186 2755 et
1208 2703 1291 2755 νεῶν.

614 2805 650 2864 D.
697 2800 750 2879 νηέ
1046 2794 1158 2871 νήεσσι,
1180 2792 1284 2872 νέεσσι,
1306 2795 1403 2873 νηυσί.

413 2909 530 2971 Audito
560 2903 678 2964 suiiixo
708 2918 775 2975 -φιε
804 2900 941 2972 venetio)
966 2897 990 2953 Β
1015 2895 1077 2955 794
1102 2897 1162 2954 otc.
1187 2896 1293 2956 -De
1318 2897 1544 2969 inconstantia,
1572 2907 1635 2966 que

370 3011 464 3072 modo
494 3029 567 3084 νηυ-
590 3002 684 3064 modo
709 3023 780 3058 ναυ-
804 2998 919 3059 dicitur
951 2997 982 3055 in
1010 2997 1071 3056 hac
1094 3010 1171 3055 voce
1195 2997 1320 3056 eteius
1348 2995 1501 3056 derivatis
1524 2998 1635 3064 (ναυσι-

368 3109 483 3186 κέυτός,
505 3102 665 3166 Ναυσικάα
688 3103 760 3170 ute.)
785 3099 824 3160 cf.
848 3099 865 3169 ἓ
889 3098 919 3159 5.

414 3211 460 3270 De
482 3209 587 3283 prima
609 3203 735 3278 syllaba
758 3201 937 3260 formarum
961 3193 1028 3268 νεός
1051 3192 1114 3267 νέες
1137 3198 1197 3256 etc.
1223 3199 1368 3272 correpte
1390 3197 1453 3257 vid.
1476 3197 1495 3265 ὅ
1521 3196 1571 3256 17.

415 3310 576 3370 Vitiosum
596 3303 817 3365 accusativum
838 3296 891 3357 ete
910 3297 998 3357 2283
1019 3295 1205 3357 emendavit
1216 3311 1278 3356 von
1291 3297 1404 3374 Gemit,
1423 3313 1519 3370 quem
1532 3295 1635 3356 secuti

372 3421 449 3479 sunt
472 3417 599 3477 Ahrons
623 3416 656 3474 et
678 3411 789 3472 Nauck
812 3381 906 3480 (cisi
929 3402 972 3484 8).

417 3594 651 3656 Vocabulorum
674 3587 771 3648 σάσνσ
793 3589 827 3648 et
847 3593 915 3645 πῶυ
938 3584 999 3645 hee
1018 3583 1096 3642 sunt
1114 3581 1251 3656 figurae:
1277 3582 1374 3642 ficet
1393 3582 1517 3656 σάστεος
1535 3581 1640 3642 foetet·

372 3697 493 3774 fotuns,
515 3703 581 3754 πῶυ
604 3691 686 3753 πώεα
711 3687 810 3750 πώεσι.

417 3802 455 3862 In
486 3803 520 3857 -ΰ
551 3797 672 3858 exeunt
693 3793 859 3868 praeterea
884 3789 1000 3848 neutra
1022 3782 1111 3865 μέθυ,
1133 3783 1218 3866 vivi,
1240 3785 1322 3866 σόρῦ.
1346 3788 1444 3847 Primi
1469 3786 1636 3846 nomineti-

374 3919 434 3964 vus
454 3903 487 3964 et
510 3915 575 3963 acc.
599 3899 728 3958 tuntum
753 3891 964 3968 reperiuntur,
988 3889 1027 3950 de
1049 3889 1188 3949 secundo
1213 3891 1246 3949 et
1269 3890 1364 3950 tertio
1386 3890 1426 3952 ci.
1450 3890 1468 3958 ἓ
1492 3889 1543 3949 68.

418 4079 659 4142 Adiectivorum
690 4074 723 4134 in
754 4075 803 4142 -σς
833 4073 867 4168 -t
897 4089 956 4127 -εια
980 4065 1194 4127 desinentium
1219 4066 1266 4126 ito
1295 4066 1468 4128 flectuntur
1490 4065 1637 4128 musculi·

374 4197 452 4243 num
476 4181 510 4241 et
533 4178 703 4238 neutrum:

506 4277 595 4357 ταγΰς
618 4274 690 4354 καγΰ
713 4271 802 4351 ταχύν
824 4267 925 4349 ιαγέυς
948 4265 1033 4346 ταχέϊ.

507 4376 603 4458 ταχέες
626 4373 712 4454 ταχέᾶ
734 4370 837 4452 ταγέᾶς
859 4366 968 4448 ταχέων
994 4365 1130 4446 ταχέεσσι.

419 4479 527 4539 Dotivi
550 4477 724 4550 singularis
746 4477 813 4535 iota
835 4471 963 4533 eliditur
987 4471 1019 4526 Η
1041 4470 1084 4531 86
1107 4490 1130 4528 ω
1154 4468 1207 4544 83,
1230 4463 1379 4542 πλατέ’(ι),
1408 4469 1497 4530 codd.
1530 4472 1637 4527 πλαεεῖ.

376 4577 539 4646 (11313.

420 4677 579 4738 Adiectivi
606 4671 694 4752 εὐρύς
721 4672 927 4733 accusativus
959 4669 1040 4742 sing.
1066 4683 1165 4728 masc.
1193 4668 1353 4742 plerisque
1379 4668 1459 4728 locis
1484 4668 1523 4727 de
1550 4681 1638 4725 more

376 4779 535 4842 formatus
568 4777 629 4851 est,
650 4771 762 4852 εὐρύν,
790 4771 846 4832 sed
876 4766 963 4850 εὐρέα
991 4767 1102 4828 πόντον
1132 4769 1184 4828 vel
1213 4767 1324 4828 κόλπον
1347 4771 1399 4829 ost
1422 4770 1446 4826 Z
1470 4767 1532 4826 291
1558 4767 1638 4826 itu

376 4881 406 4936 Σ
429 4878 492 4938 140
517 4879 546 4936 Φ
570 4873 674 4976 12515
698 4875 761 4934 435
785 4893 808 4932 ω
835 4872 907 4933 118.
