3848 5688
953 760 996 820 80
1535 763 1563 831 [5
1587 768 1606 822 b

349 949 484 1024 „alandt
507 950 632 1008 etcum
653 947 726 1007 aliis
746 946 865 1006 similis
884 946 1119 1007 inconstantiae
1139 949 1297 1022 exemplis
1316 948 1400 1009 band
1420 950 1608 1009 cunctanter

349 1048 591 1125 „abolendam”.
615 1047 722 1106 Edidit
743 1047 841 1120 igitur
862 1055 963 1126 ψᾶρας
986 1049 1019 1107 et
1041 1055 1157 1126 ψαρῶν.

390 1152 434 1210 At
463 1149 491 1209 si
514 1163 617 1222 neque
640 1147 790 1208 audiendi
813 1150 891 1208 sunt
913 1149 967 1221 qui
991 1149 1170 1222 exquisitas
1193 1150 1349 1222 quasdam
1373 1151 1522 1210 dictionis
1546 1149 1606 1209 He

346 1251 485 1314 maricae
516 1264 651 1310 veneres
682 1249 734 1310 hic
756 1249 896 1324 conspici
920 1249 981 1308 sibi
1004 1253 1244 1326 persuaserunt,
1269 1266 1371 1325 neque
1395 1251 1465 1326 lege
1489 1251 1607 1325 aliqua,

345 1367 428 1427 quae
461 1353 505 1428 ad
533 1351 635 1425 ipsius
668 1351 797 1424 linguae
831 1350 971 1411 indolem
1002 1352 1114 1412 reterri
1147 1353 1259 1428 possit,
1295 1354 1496 1427 temperatur
1531 1354 1609 1413 baec

343 1453 569 1529 inconstantia,
604 1454 754 1528 superesi
784 1467 896 1526 rogare
928 1453 1090 1514 undenam
1122 1455 1166 1514 sit
1197 1457 1277 1514 orta.
1311 1455 1416 1514 Acuta
1446 1456 1478 1512 et
1510 1467 1608 1526 quam

346 1555 489 1616 maxime
524 1554 587 1613 huc
620 1554 785 1630 pertinens
818 1557 869 1614 eet
903 1555 1085 1616 observatio
1117 1555 1227 1632 rioldi,
1259 1557 1310 1617 cui
1341 1571 1438 1616 snum
1468 1555 1607 1630 pretium

346 1656 507 1718 constabit
528 1655 659 1717 etiarnsi
682 1656 789 1732 ipsum
813 1657 978 1718 auctorem
999 1657 1108 1718 minus
1128 1661 1216 1720 recte
1239 1673 1278 1719 ea
1300 1673 1396 1718 nsum
1421 1673 1493 1718 esse
1516 1673 1607 1733 appa·

346 1761 425 1822 reat.
450 1759 573 1834 Nempe
595 1757 702 1819 docuit
727 1757 803 1818 Fick
827 1758 960 1834 longum
983 1759 1080 1835 alpha
1102 1760 1147 1820 ibi
1169 1761 1378 1834 potissimum
1401 1760 1531 1833 reperiri
1556 1760 1607 1818 ubi

345 1862 436 1923 salvo
460 1861 564 1922 metro
587 1874 651 1920 non
673 1861 777 1934 possit
799 1861 954 1922 substitui
977 1862 1080 1922 torma
1104 1877 1167 1934 qna
1190 1862 1347 1922 dialectus
1370 1862 1478 1921 Ionica
1501 1862 1607 1921 uteba-

345 1964 408 2024 tur.
440 1961 510 2022 Non
541 1961 629 2020 enim
661 1960 843 2021 hexametri
866 1977 1019 2023 numeros
1042 1963 1159 2023 sivisse
1181 1977 1238 2037 pro
1261 1975 1312 2021 -ᾱο
1337 1963 1389 2022 vel
1412 1954 1490 2021 -ἁων
1513 1963 1609 2022 scribi

345 2083 397 2122 -εω
418 2064 453 2123 et
475 2057 558 2136 -lov,
579 2075 683 2134 neque
707 2057 816 2138 Αἰνέης
836 2063 870 2122 et
892 2061 963 2134 λεώς
986 2078 1043 2137 pro
1067 2062 1187 2134 Αἰνείᾱς
1210 2065 1244 2124 et
1262 2061 1350 2136 1ᾱός;
1371 2062 1425 2122 ubl
1450 2077 1526 2122 vero
1545 2075 1610 2120 non

344 2162 510 2222 obstarent
533 2175 687 2221 versuum
711 2161 847 2236 numeri,
871 2162 1038 2236 irrepsisse
1061 2163 1183 2223 formas
1202 2164 1406 2238 recentiores
1430 2178 1458 2222 e.
1471 2177 1501 2235 g.
1524 2163 1608 2236 geni·

346 2265 452 2324 tivum
484 2260 662 2339 Πηληιάδεω
696 2266 823 2340 Ἀχιλῆος
852 2278 908 2338 pro
940 2259 1148 2341 lipiprodn’p)
1177 2266 1211 2324 in
1241 2266 1345 2339 prima
1368 2264 1478 2324 Iliadis
1502 2278 1608 2323 versu.

348 2366 431 2426 Hinc
461 2364 561 2425 etiam
592 2343 732 2440 simplex
761 2355 821 2424 1)εὰ
850 2366 1048 2426 remansisse
1078 2367 1248 2442 intactum,
1279 2367 1431 2440 quoniam
1462 2365 1607 2425 lonicum

346 2481 410 2527 non
438 2463 497 2541 θεή
528 2466 598 2524 erat
627 2460 726 2541 sedrl
755 2463 838 2542 θεός,
863 2466 896 2525 in
924 2467 1111 2541 compositis
1134 2469 1245 2528 tamen
1268 2467 1400 2541 reperiri
1422 2463 1503 2542 -θέη,
1527 2465 1609 2526 Hinc

345 2558 531 2645 πολυπὰμων
561 2565 758 2627 adiectlvum
788 2581 852 2626 non
882 2581 954 2627 esse
986 2568 1160 2644 mutatum,
1191 2568 1298 2629 lanice
1320 2569 1408 2627 enim
1432 2581 1496 2627 non
1518 2569 1609 2625 noio-

346 2667 454 2747 πήμων
489 2668 590 2728 inisse
624 2666 828 2727 scribendum
863 2667 919 2728 sed
954 2666 1150 2747 πολυκτήμων
1176 2671 1208 2743 1),
1244 2683 1341 2741 quam
1377 2669 1515 2728 formam
1546 2683 1609 2728 non

347 2768 542 2831 admittebat
564 2767 764 2828 hexameter.
796 2777 801 2786 ’

390 2871 460 2932 Hoc
489 2869 691 2946 argumento,
723 2869 806 2942 quod
831 2869 1040 2945 simplicitate
1064 2871 1283 2931 commendari
1311 2871 1418 2944 quivis
1442 2871 1538 2948 videt,
1564 2870 1610 2930 ita

346 2989 426 3034 usus
459 2975 510 3034 est
544 2972 672 3033 Fickius
706 2974 744 3031 ut
778 2971 918 3033 Homero
952 2973 1045 3033 unice
1077 2973 1254 3034 vindicarat
1285 2974 1429 3034 vocalem
1461 2991 1496 3050 a;
1528 2974 1609 3034 inum

346 3076 449 3149 quoad
481 3073 549 3135 fleri
578 3075 704 3147 poterat
735 3075 897 3134 mutatam
921 3089 993 3134 esse
1016 3074 1049 3134 in
1071 3096 1091 3151 η
1115 3089 1134 3134 a
1156 3075 1260 3150 poetis
1282 3075 1409 3150 Ionicis,
1434 3075 1486 3135 rel
1510 3075 1608 3134 etiarn

346 3176 386 3235 ab
409 3187 473 3234 uno
496 3174 603 3246 aliquo
624 3175 730 3248 poeta,
754 3187 851 3246 quem
876 3173 1076 3246 Cynaethum
1103 3173 1218 3234 Ollium
1238 3174 1339 3234 inisse
1357 3175 1419 3234 eibi
1438 3175 1608 3249 persuasit,

346 3277 400 3350 qni
434 3275 579 3336 carmina
612 3275 712 3352 opica,
747 3275 884 3335 Aeolum
917 3274 1052 3335 dialecto
1080 3275 1268 3350 composita,
1298 3275 1330 3334 in
1358 3275 1501 3349 linguam
1529 3275 1609 3334 Ioni-

345 3393 418 3440 cam
453 3377 530 3438 data
560 3392 656 3454 opera
689 3377 893 3454 converterit,
927 3378 1049 3439 multos
1080 3377 1180 3439 simul
1211 3392 1313 3438 noros
1343 3392 1457 3438 versus
1489 3379 1528 3439 de
1551 3392 1610 3437 suo

345 3480 474 3541 addens.
498 3479 543 3539 nt
565 3480 739 3553 quominus
762 3479 791 3540 ei
811 3479 1025 3541 concedamus
1046 3481 1191 3541 omnium
1213 3478 1438 3540 firmissimum
1459 3480 1518 3540 boc
1538 3494 1610 3542 esse

345 3583 574 3658 argumentum
595 3583 634 3644 ad
650 3582 816 3644 Aeolicam
836 3583 1017 3643 carminum
1038 3583 1201 3657 epicorum
1223 3581 1380 3656 originem
1392 3581 1609 3642 demonstran·

344 3685 419 3745 dam
444 3681 478 3760 ²),
506 3684 589 3744 duae
611 3683 818 3759 potissimum
842 3683 974 3744 obstant
997 3699 1124 3745 causae.
1154 3684 1296 3759 Quarum
1320 3682 1423 3741 altera
1446 3682 1525 3742 haec
1548 3685 1609 3753 est,

344 3785 427 3857 quod
452 3796 470 3841 e
493 3784 651 3844 remansit
673 3783 758 3842 band
790 3783 836 3841 ita
862 3783 973 3855 paucis
995 3783 1075 3843 iocis
1099 3783 1183 3842 unde
1206 3797 1262 3856 per
1286 3783 1428 3842 metrum
1451 3781 1609 3841 removeri

344 3884 471 3958 licebat,
500 3885 538 3942 ut
559 3883 592 3941 in
616 3882 786 3942 decantato
814 3881 869 3940 illo
891 3891 1001 3961 ψαρῶν
1024 3883 1076 3943 vel
1099 3884 1132 3942 ln
1156 3897 1234 3942 voce
1257 3879 1327 3953 λᾱός
1350 3883 1384 3941 et
1407 3881 1610 3941 creberrimis

345 3984 415 4044 eius
438 3983 643 4057 compositis;
668 3996 745 4043 narn
764 3983 877 4056 poetas
897 3982 1022 4043 Ionicos
1042 3982 1252 4058 Hipponactis
1272 3983 1359 4042 certe
1379 3984 1496 4058 aetate,
1516 3984 1610 4042 sexto

343 4084 442 4159 igitur
464 4083 605 4160 saeculo,
629 4080 699 4160 1ηός
722 4082 845 4144 dixisse
868 4082 1024 4143 traditum
1044 4083 1229 4159 accepimus
1245 4081 1276 4153 ³).
1302 4083 1390 4158 Quod
1411 4099 1486 4144 vero
1506 4083 1610 4143 multo

383 4277 402 4345 Ι)
418 4281 514 4328 Notata
531 4282 618 4327 umen
636 4278 741 4338 dlgnnm
765 4281 805 4326 eet
821 4279 939 4326 aoionun
958 4281 1028 4326 certe
1046 4279 1157 4327 radicem
1176 4289 1219 4326 aa·
1237 4294 1252 4326 ι
1271 4294 1318 4328 sua
1336 4280 1423 4339 lingna
1440 4291 1490 4324 non
1507 4277 1610 4324 duxisse

346 4361 455 4409 alienun
473 4361 503 4408 ir.
524 4361 562 4416 1³,
580 4360 607 4407 'lr
739 4407 742 4414 ,

635 4439 744 4500 χρήματα
762 4435 785 4482 δ’
805 4439 884 4500 incipe
900 4438 943 4494 priv
960 4439 1029 4496 iper,
1047 4437 1131 4492 ἀδίκως
1149 4438 1174 4485 di
1191 4443 1314 4484 πεπᾶσθαι

717 4517 759 4563 οὐκ
777 4517 857 4562 Ιθὲλιιϊ
875 4520 969 4564 πάντων
986 4517 1081 4580 &disper
1099 4513 1155 4577 ἦλθι
1173 4517 1231 4578 δίκη.

379 4592 401 4664 ²)
419 4599 487 4656 „Du
505 4597 581 4658 lango
594 4615 616 4650 α,
631 4595 716 4644 cilone·
730 4595 855 4644 elaborate
869 4596 1041 4644 iorrnaeiobon
1056 4597 1259 4646 rriclrtiouleolrou
1273 4611 1414 4659 ursprungu
1428 4597 1474 4646 rlor
1488 4596 1608 4658 oplsulruu

347 4679 479 4740 „epraclro,
496 4679 541 4726 bnt
557 4677 613 4726 aleb
629 4676 696 4724 ancli
709 4677 858 4726 ameerbalb
872 4678 918 4724 der
933 4677 1109 4725 betraolrteten
1123 4678 1328 4726 flexionalormeu
1341 4679 1383 4726 bel
1398 4680 1494 4726 llornnr
1511 4677 1608 4724 liberali

348 4757 396 4818 „da
413 4758 537 4817 ermino,
554 4771 592 4806 vro
610 4755 666 4804 sloh
683 4757 741 4805 olna
758 4757 962 4818 anteprechende
979 4757 1094 4804 ionisobe
1110 4758 1175 4805 torm
1197 4758 1245 4805 mit
1262 4777 1275 4820 p
1297 4758 1369 4805 nlalri
1385 4757 1461 4806 duidr
1480 4759 1608 4805 cicestren

347 4835 448 4896 1,11οιι”.
465 4837 555 4898 odyn
572 4849 598 4898 p.
619 4839 662 4894 1⁶3
679 4835 730 4885 rid.
748 4837 825 4884 otiam
843 4836 904 4884 ibid.
923 4851 949 4898 p.
967 4839 991 4884 a.

380 4913 400 4976 ²)
418 4917 473 4966 Vld.
490 4929 568 4978 sopra
586 4928 610 4976 p.
629 4915 668 4962 i'l.
