3944 5730
789 775 853 834 249

689 1087 876 1172 CAPUT
899 1086 972 1172 Vl.

724 1275 938 1332 numeralia.

253 1477 337 1555 tili.
359 1481 547 1542 Numeralia
578 1481 748 1556 sequentia
780 1484 966 1542 memoratu
992 1480 1125 1556 dignum
1149 1481 1269 1555 aliquid
1292 1481 1413 1541 habent
1435 1480 1468 1539 ln

212 1583 308 1658 lingua
325 1581 430 1660 epioe:

737 1749 933 1812 Gordinulio.

249 1918 348 2000 Lala,
377 1927 453 1988 iem.
484 1925 538 2003 piu
560 1925 632 2004 μίᾶν
654 1933 724 2004 μιῆς
751 1926 821 1988 slve
844 1925 876 1986 id
898 1925 948 1986 ἴᾶν
971 1923 1018 2006 ἰῆς
1042 1923 1073 2010 ἰῇ
1097 1922 1127 2002 (5
1150 1923 1216 2004 33).
1241 1959 1282 1969 -
1315 1924 1339 1984 Ε
1363 1921 1469 1984 radice

208 2043 256 2104 σεμ
278 2025 376 2106 (remei
398 2026 472 2107 eto.)
495 2028 681 2104 prodierunt
699 2019 740 2101 εἷς
763 2024 856 2108 (σεμς)
881 2029 914 2090 et
937 2027 990 2108 pla
1013 2024 1120 2107 (σμιω),
1141 2026 1254 2088 deinde
1273 2025 1467 2088 femininum

206 2128 235 2187 ἴω
262 2127 309 2188 ἴαν
339 2131 399 2193 eto.
434 2130 578 2193 litteram
611 2153 631 2210 μ
666 2131 707 2192 ed
742 2130 926 2206 analogiam
960 2131 1133 2193 masculini
1167 2130 1323 2192 abiecisse
1359 2127 1466 2189 varisi-

206 2232 278 2292 mile
300 2233 349 2292 est
371 2229 405 2310 ¹).

245 2333 433 2406 Metaplasta
461 2333 566 2394 forma
597 2331 632 2416 δῷ
662 2331 739 2410 (dat.
764 2330 882 2411 neuin.)
907 2335 1020 2394 2422
1045 2334 1148 2407 ipsine
1174 2333 1288 2407 poetae
1313 2331 1467 2392 debeatur

202 2449 241 2492 an
270 2433 480 2506 posteriorum
514 2432 608 2506 culpa
637 2433 671 2492 in
701 2433 830 2492 textum
864 2435 1028 2507 irrepserit
1058 2433 1228 2494 incertum.
1257 2429 1352 2491 Redit
1374 2429 1410 2512 tp
1434 2429 1467 2488 in

201 2531 268 2604 iege
291 2531 454 2604 Gortynia.

242 2631 345 2690 lirrorl
369 2631 502 2692 debetur
525 2631 696 2692 masculini
721 2631 825 2692 torma
848 2631 1006 2705 disyllaba
1029 2627 1085 2704 ἕως
1103 2647 1161 2707 pro
1186 2623 1227 2702 εἷς
1247 2630 1324 2690 Hes.
1346 2629 1464 2700 Theog.

201 2733 271 2806 145,
294 2731 349 2804 oui
375 2747 488 2794 versus
510 2732 579 2793 iure
602 2733 776 2794 damnatur
798 2733 838 2794 ab
862 2734 1051 2809 editoribus;
1081 2734 1114 2794 in
1138 2733 1270 2794 Homeri
1293 2731 1388 2791 taxtu
1411 2725 1467 2802 ἕως

198 2850 259 2893 non
283 2834 440 2908 reperitur
462 2849 565 2909 neque
592 2837 619 2893 Ε
642 2837 706 2896 603
731 2840 773 2906 (=
789 2838 817 2894 T
837 2838 891 2908 98)
913 2838 970 2897 aut
993 2840 1024 2896 A
1048 2839 1089 2898 δύ
1114 2838 1166 2898 est
1187 2835 1413 2896 invehendum.

239 2933 276 2998 2.
300 2933 363 2995 δύω
386 2936 456 2997 aive
479 2934 535 2996 δύο
558 2937 608 3008 (ci.
633 2937 651 3006 ἓ
678 2937 738 3006 18).
765 2971 805 2981 -
830 2938 948 2999 Addita
971 2937 1090 3000 suffixo
1122 2961 1181 3010 -ιος
1206 2938 1280 2998 hino
1300 2935 1338 2996 nt
1361 2934 1467 2996 dualia

195 3037 267 3097 δοιώ
292 3038 328 3098 et
348 3037 483 3113 pluralis
506 3037 585 3099 δοιοί
606 3037 674 3098 δοιά
699 3038 780 3099 dorni
801 3041 863 3101 otc.
888 3035 920 3111 ²).

238 3139 411 3202 Genitivus
433 3142 484 3202 est
507 3138 570 3201 δύω
593 3163 611 3200 κ
635 3143 699 3202 old
725 3139 780 3202 δύο
808 3143 831 3201 Κ
857 3143 932 3220 253,
956 3141 1085 3204 dativus
1109 3142 1172 3204 δύω
1196 3142 1313 3216 legitur
1341 3139 1466 3200 illidi.

239 3245 311 3307 Uno
347 3244 416 3308 loon
451 3245 567 3322 legitur
602 3241 633 3308 tv
670 3245 749 3332 δοιῇ,
781 3247 815 3307 in
848 3247 950 3325 δωύδο,
985 3250 999 3308 l
1031 3250 1105 3312 230.
1136 3249 1277 3311 Verbum
1307 3240 1469 3316 ἐνδοιάζειν

189 3350 337 3410 (inditore
361 3349 393 3410 ln
417 3349 528 3424 lingua
550 3350 640 3426 epioa
664 3365 727 3412 non
752 3351 919 3426 reperitur.

236 3454 394 3514 Formam
424 3453 604 3515 breviorem
635 3454 691 3515 δύο
723 3455 967 3530 praeferendam
992 3471 1065 3518 esse
1089 3455 1191 3517 sionni
1214 3455 1302 3515 sinai
1325 3455 1468 3514 metrum

186 3557 332 3630 putabat
352 3555 451 3617 Cobet
470 3555 624 3617 Mnemon.
651 3557 735 3617 1874
755 3572 784 3631 p.
807 3559 871 3619 856
884 3562 929 3628 (=
940 3557 1028 3619 ilisa.
1052 3557 1127 3620 crit.
1151 3573 1181 3632 p.
1199 3557 1285 3630 294),
1300 3557 1355 3615 vix
1382 3556 1469 3615 recta

185 3659 325 3732 tamen;
350 3671 428 3717 narn
451 3673 492 3717 ex
516 3657 696 3730 antiquiore
719 3659 823 3718 forma
846 3657 909 3718 δύω
933 3659 984 3728 (oi.
1009 3657 1155 3728 δυώδεκα)
1178 3659 1289 3718 natam
1314 3671 1386 3717 esse
1410 3654 1468 3715 ior·

184 3773 281 3818 mam
309 3759 548 3832 pyrrnieuioam
577 3757 643 3835 δύο,
662 3773 725 3819 non
747 3774 822 3819 vero
847 3759 929 3820 hanc
949 3759 1131 3820 excrevisse
1154 3759 1187 3818 in
1211 3759 1349 3819 sormam
1372 3755 1469 3832 poeti·

182 3875 262 3918 oam
289 3857 368 3935 δύω,
391 3859 453 3919 lert
476 3861 575 3934 ratio;
601 3861 779 3920 deminutio
805 3863 915 3922 autem
939 3861 1010 3921 soni
1033 3861 1066 3920 in
1098 3859 1183 3921 thesi
1205 3859 1335 3919 tantum
1358 3871 1468 3932 expen-

181 3963 290 4036 taiur,
318 3974 347 4021 a.
371 3975 403 4033 g.
427 3981 437 4018 ι
463 3962 503 4021 74
529 3960 591 4020 δύω
615 3961 723 4032 νύκτας
748 3960 804 4022 δύο
826 3955 846 4021 τ’
874 3960 980 4040 ἤματα.
1001 3963 1039 4022 In
1059 3962 1124 4022 arel
1148 3975 1224 4021 vero
1243 3961 1388 4034 praestat
1406 3957 1469 4017 δύω

179 4061 326 4120 etiamsi
357 4061 516 4135 positione
547 4063 741 4136 producatur
766 4063 894 4136 syllaba
917 4063 1035 4136 linaiis,
1059 4079 1086 4123 e.
1111 4077 1140 4136 g.
1164 4053 1210 4120 ωδε
1233 4059 1296 4120 δύω
1320 4059 1469 4138 Πριάμοιο

178 4166 212 4217 Α
243 4161 326 4235 102,
352 4157 416 4219 δύω
441 4159 562 4239 Κρόνου
586 4154 631 4221 υἷε
656 4163 688 4221 Ν
712 4162 788 4238 345,
812 4159 844 4221 ἐν
868 4159 900 4221 dl
924 4163 986 4223 δύω
1009 4171 1117 4240 κρῆναι
1140 4183 1159 4238 η
1186 4162 1258 4221 129.

226 4257 272 4321 4.
299 4255 440 4338 τέσσύρες
465 4263 499 4321 et
520 4257 643 4340 πὶσύρες
667 4259 795 4340 miotinae
823 4264 848 4322 0
872 4264 937 4324 680
964 4267 993 4322 Ψ
1021 4265 1081 4323 171
1107 4263 1139 4320 Ω
1171 4263 1235 4322 233
1258 4281 1271 4319 ε
1297 4262 1382 4322 7οπ
1406 4261 1469 4318 249

212 4538 233 4602 ¹)
256 4541 405 4589 ireminino
429 4543 454 4590 in
476 4545 623 4592 oonstmter
645 4543 728 4592 utitur
750 4545 876 4593 dialeotns
897 4546 998 4594 lesbia.
1023 4546 1062 4604 Ab
1086 4545 1137 4592 alia
1155 4545 1241 4594 radios
1264 4545 1341 4592 dueta
1363 4557 1420 4592 esso
1446 4545 1471 4590 la

169 4626 200 4669 ot
231 4625 272 4686 δῷ,
305 4635 404 4682 nempe
427 4635 487 4670 anm
509 4623 637 4672 adleeilro
658 4619 708 4679 eloe
730 4628 757 4672 et
780 4625 860 4673 latino
881 4639 953 4673 maa
976 4620 1061 4690 (unm)
1079 4625 1224 4684 cohaerere,
1241 4625 1283 4673 elii
1297 4627 1401 4685 perenn
1419 4623 1469 4672 rid.

168 4703 303 4760 Vogrinz
324 4702 395 4749 irem.
414 4703 526 4750 Gremm.
545 4717 569 4763 p.
588 4705 627 4752 80.

206 4782 233 4835 ¹l
257 4783 283 4829 E
305 4782 359 4828 δύω
376 4781 454 4841 igitnr·
471 4776 566 4838 δδῑωιος
583 4773 667 4837 δῘωύς
684 4786 780 4831 iactum
799 4787 850 4839 eet;
874 4786 980 4833 rorasse
1000 4787 1078 4834 etiam
1103 4789 1220 4835 cantores
1243 4787 1309 4847 episi
1327 4779 1404 4832 lforoi
1421 4786 1470 4831 oto.

169 4863 329 4923 «licebant,
349 4875 475 4921 nnsqnnm
494 4865 579 4910 temon
599 4865 735 4911 manifesta
752 4866 861 4923 vestigia
874 4865 995 4925 dignmmi
1011 4872 1143 4928 apparent,
1159 4871 1184 4914 ot
1202 4872 1231 4914 Μ
1249 4870 1296 4915 lul
1311 4870 1380 4915 uerte
1394 4867 1473 4913 inter·-

167 4944 283 4991 cirlisso
307 4945 422 4992 rrrnirrun
441 4944 523 4992 «rocol.
