3880 5678
964 748 1025 807 156
1532 747 1561 817 [5
1584 745 1627 805 40

366 949 407 994 an
427 931 518 1013 ῥινός,
536 934 678 1006 itemque
697 933 730 992 in
749 933 823 994 aliia
839 933 971 993 vocibus
989 948 1126 1006 quarum
1145 934 1257 994 thema
1276 949 1296 994 a
1315 933 1433 994 litteris
1452 934 1492 1011 ip
1515 933 1627 1007 incipit

363 1036 413 1106 (cl.
436 1034 542 1096 (lbrlst
559 1034 633 1094 ibid.
654 1049 684 1109 p.
713 1035 773 1094 lob
794 1039 863 1108 sq).
887 1035 953 1094 Nos
980 1030 1054 1094 cum
1079 1035 1248 1094 videamus
1270 1035 1310 1095 ad
1333 1034 1625 1095 commendandum

363 1134 529 1209 digamma
559 1134 638 1210 nibil
667 1133 775 1193 valere
805 1133 892 1193 locos
923 1132 1035 1206 quales
1061 1135 1138 1193 sunt
1161 1131 1212 1204 δὸς
1235 1131 1267 1192 ab
1290 1133 1379 1210 ῥάκος
1403 1130 1626 1210 ἀμφιβαλέσθαι

363 1235 415 1294 vel
438 1231 520 1293 ἄλλοι
545 1231 577 1292 ab
603 1230 763 1311 ρινοῖσι-
778 1247 819 1293 ex
842 1247 916 1292 asse
940 1234 1026 1292 enirn
1050 1233 1221 1306 respondet
1251 1233 1523 1307 Aristophaneum
1547 1232 1625 1292 illud

362 1331 418 1392 οὐκ
440 1328 501 1392 ἔσθ’
528 1331 606 1404 ὅπως
629 1328 645 1392 ὀ
668 1331 796 1412 χρησμὸς
820 1331 861 1403 εἰς
885 1339 971 1392 cotto
994 1329 1084 1411 ρέιιει,
1102 1365 1145 1374 —-
1164 1334 1197 1393 in
1220 1333 1305 1394 thesi
1329 1336 1438 1394 autern
1463 1332 1625 1406 syllabam

361 1435 503 1512 brevem,
528 1449 610 1508 quae
633 1432 791 1494 eiusmodi
814 1433 1006 1494 vocabulum
1029 1435 1208 1510 antecedat,
1234 1450 1297 1495 non
1320 1435 1460 1510 produci,
1484 1449 1511 1495 e.
1537 1450 1566 1507 g.
1592 1435 1625 1494 in

363 1537 438 1598 noto
470 1537 628 1599 versiculo
659 1535 717 1611 ὄιες
745 1535 865 1596 τοιαῦτά
894 1535 928 1617 y?
950 1534 1025 1616 ῥέζοι
1058 1529 1089 1614 ¹),
1121 1539 1245 1598 certum
1274 1537 1422 1598 ducimus
1446 1537 1624 1598 Homerum

362 1641 437 1701 ante
456 1639 599 1702 litteram
620 1639 651 1720 ῤ-
671 1656 734 1701 non
753 1655 903 1701 servasse
922 1639 1087 1714 digamma
1106 1639 1239 1717 initiale,
1261 1642 1318 1702 sed
1336 1637 1407 1720 ῥέζω
1432 1643 1465 1700 et
1487 1639 1624 1720 lintpetov

361 1741 492 1804 dixisse.
525 1741 558 1804 si
587 1743 661 1817 quis
691 1744 801 1804 autem
833 1743 865 1804 in
895 1743 1038 1804 carmina
1062 1743 1150 1818 eplca
1174 1743 1388 1804 invehendam
1412 1745 1543 1804 censeat
1566 1743 1623 1803 ior·

361 1859 451 1905 mam
480 1840 586 1924 spito,
616 1845 725 1919 quidni
756 1846 856 1907 etiam
888 1842 1009 1926 ἐύσροος
1040 1845 1160 1907 scribat
1190 1847 1224 1907 et
1247 1842 1352 1926 σρέιιεν
1375 1835 1454 1924 ἦμαρ
1479 1847 1624 1924 rigaras?

359 1946 469 2018 quidni
503 1949 669 2022 praeterea
699 1946 843 2025 dirrupta
877 1950 911 2009 et
942 1945 1040 2020 cide?
1074 1947 1121 2008 sic
1152 1963 1227 2010 vcro
1257 1964 1278 2011 a
1309 1949 1388 2010 trita
1420 1948 1473 2008 via
1499 1947 1625 2022 longius

360 2046 549 2124 longiusque
578 2050 730 2112 recedens
761 2050 817 2111 vix
840 2066 954 2112 cavere
977 2051 1094 2126 poterit
1117 2051 1290 2124 quominus
1321 2051 1442 2112 incidat
1464 2051 1497 2112 in
1521 2064 1624 2111 casco·

361 2165 435 2210 rum
459 2151 664 2213 verbulorum
687 2154 784 2214 istam
808 2153 969 2230 paludem,
993 2154 1077 2215 unde
1101 2153 1233 2214 tandem
1256 2153 1426 2227 aliquando
1446 2169 1500 2214 ars
1521 2167 1624 2227 gram·

361 2253 482 2313 matica
504 2255 648 2331 emersit,
674 2288 714 2299 -
737 2253 831 2326 πολὺς
855 2249 885 2314 δ’
912 2249 984 2332 ἀμφ’
1010 2249 1147 2332 ὀστεόφιν
1168 2253 1229 2313 di.

403 2351 476 2413 Una
501 2354 662 2427 tangenda
684 2358 832 2430 superest
854 2356 1010 2431 quaestio,
1035 2371 1132 2428 quam
1161 2371 1182 2415 a
1206 2356 1283 2415 viris
1306 2355 1476 2430 sagacibus
1499 2354 1622 2413 moveri

359 2451 504 2526 potuisse
535 2455 707 2536 miramur.
732 2455 848 2515 Docuit
879 2455 1053 2515 Hoffmann
1077 2455 1206 2532 Quaest.
1232 2455 1326 2516 llom.
1354 2457 1385 2515 ll
1408 2471 1438 2530 p.
1464 2455 1502 2514 51
1533 2467 1622 2513 raros

359 2555 392 2614 in
416 2556 510 2616 textu
533 2557 652 2618 tradito
675 2572 747 2617 esse
771 2557 858 2618 locos
882 2557 935 2617 ubi
958 2556 1083 2630 syllaba
1105 2555 1213 2616 finalis
1241 2556 1357 2634 brevis,
1389 2572 1471 2630 quae
1495 2557 1528 2615 in
1552 2569 1622 2615 con·

358 2669 474 2716 sonam
505 2657 649 2718 litteram
679 2657 798 2718 desinit
827 2660 888 2728 l-ov
918 2677 962 2728 -ες
993 2658 1076 2732 etc),
1107 2657 1140 2716 in
1164 2657 1249 2716 thesi
1270 2657 1455 2731 producitur
1478 2657 1553 2718 ante
1579 2655 1621 2714 dl·

357 2771 491 2828 gamma
521 2758 662 2832 initiale;
694 2761 770 2818 ante
800 2772 975 2833 pronomen
1007 2756 1038 2816 oi
1059 2757 1090 2816 id
1113 2772 1357 2830 nonnumquam
1385 2755 1454 2816 iteri
1478 2760 1531 2826 (ex
1554 2754 1624 2815 sola

357 2857 457 2918 Iliade
488 2859 604 2932 viginti
635 2860 723 2920 locos
753 2859 846 2920 affert
874 2859 948 2919 ibid.
980 2873 1010 2934 p.
1039 2859 1101 2918 183
1130 2862 1200 2934 sq),
1224 2873 1252 2919 e.
1277 2873 1306 2932 g.
1334 2858 1448 2918 11695
1473 2855 1627 2935 Πελάγων,

359 2953 392 3030 ὃς
423 2959 455 3018 οἱ
482 2959 568 3033 φίλος
599 2950 653 3037 ἦεν
683 2956 806 3038 ἑταῖρος,
836 2961 892 3020 sed
917 2960 1084 3034 praeterea
1107 2957 1233 3018 nonnisi
1257 2959 1309 3018 hie
1332 2959 1495 3018 versibus:
1521 2958 1540 3015 I
1561 2957 1624 3016 377

359 3055 390 3118 ἐκ
420 3050 476 3137 γὰρ
507 3057 540 3118 εὖ
570 3063 649 3130 (var.
674 3060 718 3130 οἱ)
750 3057 872 3139 φρένας,
895 3063 920 3119 Ρ
941 3061 1002 3119 142
1022 3055 1130 3138 Ἕκτορ
1154 3062 1257 3138 (-erp?)
1281 3052 1359 3130 εἶδος
1382 3055 1489 3137 ἄριστε,
1512 3062 1536 3115 θ
1560 3058 1623 3116 215

357 3158 443 3232 τάξει
476 3152 551 3220 olda.
575 3193 617 3202 —
642 3161 862 3222 subtilissima
895 3161 1036 3237 profecto
1070 3161 1252 3222 observatio
1287 3174 1390 3233 neque
1424 3158 1549 3219 inutilis
1584 3157 1624 3217 ad

359 3261 477 3322 melius
510 3263 762 3339 intellegendum
796 3280 878 3339 quae
913 3265 980 3325 iata
1015 3263 1162 3325 babuerit
1195 3264 1360 3338 digamma
1395 3261 1622 3336 Homericum;

359 3364 483 3422 utinam
508 3365 618 3426 tamen
642 3366 729 3426 viros
752 3366 863 3426 doctos
886 3366 1022 3439 fugisset
1046 3366 1120 3425 hocl
1153 3365 1245 3425 Nunc
1267 3365 1365 3440 enirn,
1390 3365 1463 3438 post
1487 3361 1625 3421 Hartelii

357 3465 548 3538 praesertim
583 3467 771 3544 sollertiam,
807 3469 839 3527 in
875 3467 1058 3527 enchiridiis
1093 3468 1171 3526 baec
1205 3467 1259 3526 lex
1296 3467 1402 3526 alieni
1437 3464 1521 3525 solet
1557 3466 1624 3523 tan-

358 3581 456 3640 quam
498 3570 753 3630 accuratissimis
793 3569 1070 3642 disquisitionibus
1103 3568 1239 3629 ssrmiter
1272 3569 1433 3629 stabilita:
1474 3567 1525 3642 ,in
1561 3564 1621 3625 Ho-

361 3669 510 3743 ,mericis
533 3671 731 3731 carminibus
758 3672 924 3745 digamma
946 3670 1066 3731 suflicit
1089 3671 1129 3731 ad
1149 3671 1258 3730 hiatus
1282 3670 1451 3746 tollendos,
1475 3670 1556 3728 item
1582 3667 1622 3728 ad

362 3769 524 3846 ,syllabas
555 3769 668 3833 finales
699 3773 730 3832 in
762 3774 827 3834 arsi
859 3773 1086 3848 producendas,
1111 3787 1174 3833 non
1199 3771 1319 3832 suitlcit
1341 3773 1381 3833 ad
1405 3774 1623 3848 producendas

361 3871 523 3948 ,syllabas
542 3871 656 3935 finales
675 3875 708 3934 ln
731 3875 833 3951 thesi;
855 3875 1013 3950 excipitur
1035 3877 1162 3934 tanturn
1188 3873 1219 3933 oi
1246 3875 1329 3949 (tor),
1358 3875 1440 3947 quod
1460 3876 1537 3937 olirn
1563 3878 1624 3938 fuit

361 3974 457 4050 ,aiot
488 3975 698 4036 Homericum
728 3976 826 4050 igitur
856 3978 907 4038 est
936 3975 1042 4048 πάντες
1073 3971 1087 4034 ἕ
1117 3975 1146 4034 si
1177 3975 1261 4035 ictus
1293 3975 1378 4034 crrdit
1406 3974 1439 4034 in
1463 3977 1622 4049 syllabam

361 4095 433 4150 seg,
466 4076 517 4136 sin
552 4075 671 4152 minus,
706 4077 872 4151 dactylum
907 4075 1052 4137 efficiunt
1081 4077 1142 4135 hae
1173 4075 1327 4150 syllabae,
1357 4089 1419 4134 non
1451 4076 1622 4150 palimbac·

361 4175 510 4250 „chium”
535 4177 567 4244 ²).
594 4209 634 4219 —
659 4177 704 4236 At
733 4177 820 4238 aliud
851 4181 901 4238 est
932 4176 1100 4237 ostendere
1131 4175 1206 4248 quid
1235 4176 1279 4234 sit
1309 4175 1342 4233 in
1374 4176 1467 4234 textu
1494 4179 1622 4254 tradito,

357 4275 444 4336 aliud
474 4275 548 4336 inde
580 4276 768 4338 concludere
799 4278 875 4352 quid
902 4277 1044 4352 ipsorum
1075 4278 1244 4351 poetarum
1275 4290 1328 4335 ars
1352 4277 1488 4336 metrica
1513 4277 1624 4338 tulerit

358 4379 415 4438 aut
445 4392 509 4439 non
544 4376 672 4453 tulerit;
705 4379 810 4453 specie
842 4380 953 4440 autem
984 4379 1060 4451 quin
1092 4377 1193 4451 declpi
1223 4391 1258 4436 se
1293 4377 1457 4451 patiantur
1492 4379 1546 4450 qui
1578 4379 1624 4439 ita

355 4478 507 4556 iudicant,
531 4479 667 4540 minime
690 4481 822 4540 dublum
846 4480 1005 4556 ducimus,
1029 4479 1169 4552 quinque
1193 4479 1395 4552 argumentis
1419 4478 1510 4540 freti:

363 4605 506 4614 -.—.-..
521 4607 580 4614 ..—

391 4660 411 4724 ¹)
428 4660 504 4722 Apud
535 4663 674 4710 Homerum
706 4663 784 4723 igitur
812 4666 836 4725 p·
861 4663 958 4710 initiale
984 4675 1015 4708 ne
1048 4664 1148 4708 tantum
1180 4662 1283 4722 quidem
1311 4663 1379 4710 valet
1405 4666 1528 4721 qnantum
1556 4663 1623 4724 apud

357 4741 561 4800 Aristophanem.
581 4742 620 4788 Oi.
637 4755 716 4802 snpra
734 4743 748 4802 1
767 4743 807 4803 ii,
824 4755 882 4801 pag.
903 4743 983 4798 1⁰8,t.

389 4813 409 4878 ²)
427 4819 482 4868 Vid.
506 4833 555 4868 yon
581 4821 670 4870 Harrei
697 4822 764 4870 born.
791 4821 897 4869 Studien
920 4821 960 4866 111
983 4833 1007 4880 p.
1033 4821 1064 4868 lo
1082 4832 1147 4879 sqq„
1171 4819 1293 4867 Lndwiolr
1316 4820 1453 4867 dustanub.
1478 4821 1502 4867 ll
1521 4835 1544 4882 p.
1566 4821 1622 4882 28³,

357 4899 387 4947 d.
406 4895 504 4960 Meyer’
520 4913 544 4963 p.
563 4902 620 4963 itt,
637 4900 829 4949 adlinet-blase
846 4901 858 4947 1
877 4913 901 4961 p.
921 4900 967 4946 1⁰⁰
985 4901 1033 4946 eta.
