3934 5706
347 755 365 824 5
389 753 443 825 59]
493 821 496 828 Δ
957 755 1021 815 201

346 938 460 998 rantur
493 952 576 1011 quae
611 938 650 1000 de
685 938 820 1012 syllabis
854 937 1010 1013 elidendis
1044 939 1101 999 sed
1136 934 1168 997 λιι
1200 935 1333 1015 πλήρους
1368 952 1458 998 more
1486 938 1617 998 vetusto

345 1037 533 1112 perscriptis
558 1037 590 1098 in
610 1037 682 1106 §13
702 1038 959 1100 observavimus.
980 1037 1090 1111 Neque
1110 1036 1222 1098 iuvltls
1241 1036 1467 1112 grammaticis
1486 1037 1618 1098 llbrlsve

347 1139 487 1200 vetustis
521 1139 600 1200 talia
630 1139 725 1201 scribi
756 1139 872 1201 docent
894 1139 1069 1200 Herodiani
1092 1138 1334 1201 observationes
1357 1137 1398 1200 ad
1422 1137 1530 1199 locum
1554 1153 1617 1200 cor·

346 1243 476 1315 ruptum
503 1243 581 1302 Aut
594 1257 642 1315 sq.
664 1236 793 1318 ὀμφαλοὶ
812 1232 889 1319 ἦσαν
907 1237 1013 1300 ἐείκοσι
1033 1237 1215 1318 κασσιτέροιο
1235 1238 1240 1323 Ι
1259 1238 1369 1316 λευκοί,
1389 1236 1421 1299 ἒν
1434 1235 1466 1298 δὲ
1486 1235 1618 1316 μέσοισιν

346 1345 418 1418 otc,
443 1344 477 1402 ct
499 1343 538 1404 ad
563 1364 575 1402 ε
602 1345 643 1403 72
673 1346 811 1419 λειμῶνες
843 1339 969 1419 μαλακοὶ
997 1341 1056 1418 ἴου,
1078 1343 1132 1403 ubi
1157 1342 1286 1403 luerunt
1309 1341 1387 1403 olim
1412 1341 1466 1414 qul
1491 1341 1619 1403 litteras

347 1445 513 1502 Ale'rliol
534 1446 567 1505 et
590 1445 798 1503 ΜΑΛΑΚΟΙ
819 1444 1108 1519 interpretarentur
1135 1446 1273 1513 romono)
1298 1445 1332 1504 et
1354 1445 1531 1520 pratuscello).

390 1544 490 1606 llulto
521 1545 683 1619 antiquior
713 1546 809 1606 testie
845 1547 896 1606 est
926 1545 1042 1606 titulus
1074 1546 1204 1607 Atticus
1235 1543 1357 1606 saeculi
1388 1544 1440 1605 71Ι
1464 1544 1540 1606 010.
1575 1545 1616 1604 22

345 1645 470 1716 (Kaibel
502 1647 607 1722 Epigr.
633 1649 663 1723 3,
695 1647 832 1708 Roberts
863 1647 1045 1722 upigmphy
1068 1662 1098 1721 p.
1124 1647 1187 1723 77),
1212 1646 1265 1708 ubi
1288 1646 1408 1708 litteris
1430 1645 1617 1721 buetrophe·

345 1748 406 1810 don
442 1749 586 1810 exaratis
620 1749 778 1823 scriptum
810 1751 862 1810 est
905 1739 1553 1824 ΕΣΤΕΣΕΝΓΤΣΕΟΔΟΙΑΓΑΘΟΚΑΙ,
1585 1747 1618 1807 id

344 1852 396 1911 est
425 1843 517 1929 ἕστησ
543 1847 629 1932 ἔγγὺς
662 1845 739 1912 ὅδοῑ’
768 1847 889 1931 ἀγαθοῦ
917 1848 967 1911 καὶ
992 1849 1161 1929 [σώφρονος
1184 1847 1305 1930 ἀνδρός]
1334 1847 1363 1922 ¹).
1389 1851 1562 1911 Praeterea
1584 1849 1616 1910 in

345 1953 472 2014 Pindari
506 1954 689 2016 Archilochi
733 1955 807 2014 Lasi
842 1954 1041 2015 carminibus
1075 1953 1186 2014 traditi
1219 1954 1297 2013 suut
1330 1952 1465 2027 genitivi
1505 1945 1618 2028 Δάλοι’,

344 2049 514 2131 Διωνύσοι’,
554 2050 723 2132 Κλυμένοι’,
764 2049 924 2130 Θεσσάλοί,
962 2048 1093 2133 (Dipoeni,
1129 2055 1191 2115 vid.
1228 2054 1357 2115 Pindari
1393 2052 1487 2127 Pyth.
1524 2055 1539 2112 I
1575 2054 1615 2113 74

344 2154 407 2214 ΧΙΙ
440 2157 481 2214 23
513 2155 560 2216 01.
593 2157 740 2216 Χ11148
770 2157 863 2217 Nem.
895 2157 943 2216 IX
969 2159 1041 2231 131,
1070 2157 1253 2217 Archilochi
1277 2156 1315 2216 ir.
1343 2155 1395 2229 73,
1427 2153 1503 2214 Lasi
1533 2154 1571 2214 fr.
1599 2156 1614 2213 1

344 2255 529 2325 (Simonidis
552 2255 589 2317 ir.
614 2258 667 2333 86,
695 2259 756 2326 12).
781 2257 972 2318 Posterioris
995 2259 1106 2317 autem
1130 2256 1203 2317 aevi
1225 2255 1390 2330 genitivus
1409 2254 1617 2315 Thessalicus

342 2354 375 2414 iu
395 2375 438 2414 οι
457 2356 580 2431 exieus,
604 2357 657 2429 qul
679 2357 803 2431 passim
822 2355 940 2429 legitur
960 2356 993 2416 in
1013 2357 1219 2432 inscriptione
1239 2356 1391 2417 Larleaea
1410 2355 1532 2416 saeculi
1544 2354 1616 2430 111¹,

341 2470 424 2528 qnae
454 2471 538 2518 anuo
572 2457 655 2518 1882
687 2459 814 2532 reperta
848 2458 908 2533 est,
948 2445 1122 2519 0011845
1154 2457 1270 2528 (Gener
1300 2453 1382 2517 Del.²
1413 2457 1499 2532 409),
1532 2471 1559 2516 e.
1584 2470 1614 2530 g.

344 2556 487 2617 Φιλίπποι
506 2563 555 2618 τοι·
569 2558 716 2636 βασιλεῖος
740 2551 781 2632 ²),
814 2573 855 2617 ex
880 2558 1061 2632 antiquiore
1083 2558 1188 2618 forma
1215 2558 1403 2618 decurtatus
1426 2558 1477 2618 est
1500 2557 1614 2618 eadem

341 2659 466 2721 ratione
495 2675 559 2734 qua
589 2659 712 2735 primae
744 2659 967 2721 declinationis
998 2658 1161 2734 genitivus
1183 2659 1216 2719 ln
1240 2659 1335 2731 -elilo
1355 2657 1507 2719 desinens
1529 2656 1614 2732 apud

344 2759 476 2836 cyprios
507 2764 540 2822 et
570 2762 712 2822 Arcades
743 2761 823 2823 abiit
852 2761 885 2822 iu
914 2783 979 2838 -αν,
1004 2761 1068 2823 vid.
1091 2775 1163 2836 pag.
1188 2761 1263 2837 40,8
1288 2761 1322 2822 et
1347 2760 1427 2834 1943
1455 2758 1616 2832 negarunt

342 2863 402 2924 hoc
432 2863 469 2924 n.
500 2864 631 2926 Meister
661 2863 798 2925 Dialelrt.
830 2864 855 2925 l.
878 2880 908 2940 p.
933 2865 1009 2940 806,
1034 2865 1069 2926 G.
1095 2861 1214 2938 Meyer
1238 2880 1267 2939 p.
1298 2863 1373 2940 384,
1397 2861 1454 2924 sad
1478 2862 1548 2922 lure
1571 2859 1613 2923 lis

342 2965 482 3027 oblocuti
505 2970 582 3027 eunt
605 2967 640 3028 0.
667 2965 796 3028 (turtius
819 2982 877 3028 zur
899 2967 1005 3028 Krltilr
1029 2967 1090 3028 etc.
1115 2966 1224 3040 (1886)
1246 2981 1276 3042 p.
1302 2966 1343 3025 29
1368 2967 1402 3026 et
1425 2963 1511 3026 l'iclr.

386 3067 447 3130 Sed
478 3070 573 3130 testie
603 3070 749 3131 omnium
772 3070 867 3144 longe
894 3069 1169 3146 locupletissimus
1191 3071 1230 3131 de
1256 3068 1473 3144 genitivorum
1497 3068 1530 3128 ln
1553 3089 1613 3127 -οιο

341 3171 530 3232 exeuntium
555 3173 688 3234 elisione
711 3174 763 3234 eet
787 3173 854 3248 ipse
877 3173 1056 3250 Homerus;
1081 3189 1159 3235 nam
1181 3173 1215 3234 in
1238 3173 1332 3233 textu
1356 3170 1475 3232 tradito
1502 3170 1613 3231 hiatus

340 3273 414 3346 post
435 3293 486 3331 -oo
510 3274 562 3333 est
583 3273 662 3334 locis
683 3274 865 3348 permultis,
889 3288 948 3335 nec
971 3275 1078 3334 solum
1101 3275 1135 3334 in
1162 3274 1238 3350 aral,
1261 3273 1317 3347 qui
1341 3271 1449 3333 durior
1471 3271 1610 3332 fortasse

341 3379 379 3444 (e.
404 3388 433 3448 g.
461 3373 572 3434 8368
598 3377 629 3432 Χ
653 3377 713 3435 136
739 3399 757 3432 ο
782 3377 835 3445 63)
865 3374 923 3435 sed
953 3376 1064 3435 tanim
1095 3389 1268 3436 concessus
1297 3374 1380 3437 foret
1410 3374 1529 3449 hiatus,
1554 3372 1610 3434 sed

341 3475 441 3535 etlam
464 3474 497 3535 in
521 3476 616 3552 thesi,
640 3479 751 3552 aperto
773 3477 870 3552 igitur
894 3477 974 3538 vitio
997 3477 1047 3548 (ci.
1068 3478 1087 3547 ἓ
1108 3477 1170 3552 14),
1192 3476 1255 3538 uisi
1275 3476 1459 3539 restituitur
1475 3475 1611 3550 genitivi

341 3577 447 3639 lorma
475 3577 612 3654 pristina
642 3585 733 3653 -οι(ο).
766 3581 942 3641 videantur
974 3581 1003 3638 E
1027 3583 1091 3642 666
1121 3588 1219 3658 μηροῦ
1251 3577 1395 3658 ἐξερύσαι,
1417 3579 1451 3637 Π
1473 3579 1537 3640 226
1562 3571 1609 3636 ἀπ’

339 3678 434 3740 αὐτοῦ
465 3679 582 3741 αἴθοπα
605 3673 699 3758 οἶνον,
731 3683 765 3740 Ψ
785 3683 847 3742 431
880 3679 984 3743 δίσκον
1010 3672 1096 3759 οὖρα,
1123 3684 1158 3741 Ψ
1178 3682 1240 3742 441
1267 3679 1358 3758 ὅρκον
1380 3679 1483 3756 οἴσεαι,
1505 3703 1523 3760 y
1547 3681 1610 3742 123

339 3780 440 3841 κείνου
460 3779 581 3860 ἔκγονός
598 3778 670 3857 ἐσσι,
691 3783 817 3856 aliaque
836 3782 995 3843 eiusmodi
1019 3781 1044 3842 Θ
1068 3783 1131 3843 120
1156 3783 1242 3842 028
1259 3782 1290 3840 St
1316 3783 1391 3857 578,
1416 3783 1477 3843 721
1503 3803 1522 3861 y
1548 3781 1612 3842 140

340 3881 359 3940 δ
383 3884 446 3942 718
470 3905 490 3959 η
516 3883 557 3943 70
580 3905 597 3942 o
621 3884 686 3945 425
709 3904 727 3956 ρ
753 3885 815 3943 115
839 3905 854 3940 τ
880 3883 954 3943 272.

384 3983 481 4046 Hisce
511 3985 679 4060 perpensis
708 4001 771 4046 uon
802 3985 989 4046 dubitamus
1019 3986 1095 4059 quin
1126 3985 1167 4045 ils
1189 3984 1279 4059 locis,
1305 3983 1359 4044 ubi
1383 3985 1525 4044 metrum
1550 3985 1609 4044 ter·

338 4085 464 4147 minum
488 4087 624 4161 genitivi
648 4086 766 4148 elisum
790 4081 838 4147 -οι’
864 4087 922 4148 aut
944 4087 1070 4162 flagitat
1093 4087 1152 4147 aut
1176 4085 1313 4148 libenter
1335 4084 1490 4161 admittit,
1514 4085 1561 4146 lta
1579 4086 1613 4145 et

339 4189 372 4248 lu
406 4188 496 4250 libris
527 4189 605 4251 olim
636 4190 794 4265 scriptum
826 4190 923 4251 fuerit
951 4190 985 4250 et
1014 4205 1035 4250 a
1065 4189 1158 4250 nobis
1190 4188 1321 4250 rescribi
1352 4187 1484 4262 debeat;
1509 4201 1612 4261 neque

374 4445 391 4502 Ι)
409 4446 493 4494 liliam
510 4446 620 4494 liubulse
636 4446 740 4502 Quaest.
758 4447 829 4507 lipia.
847 4461 873 4508 p.
893 4448 939 4493 101
958 4445 1023 4494 hane
1040 4445 1235 4506 inscriptionem
1253 4447 1393 4495 testimonii
1411 4447 1468 4495 loco
1486 4447 1613 4496 adhibuit.

371 4525 458 4574 Emori
479 4524 568 4574 deberi
589 4523 703 4574 littorum
725 4531 746 4582 1,
769 4525 934 4574 scribendum
957 4525 1025 4573 suini
1049 4525 1130 4573 luisse
1156 4519 1269 4589 ΒοΔοξ
1297 4541 1357 4575 curu
1372 4527 1448 4587 siguo
1465 4527 1612 4588 luterpuuo·

337 4605 414 4653 tionis
436 4605 491 4654 slvs
517 4617 649 4664 σιοσσιιο,
666 4605 757 4654 statuit
772 4605 910 4667 Klassliog,
929 4604 970 4654 cul
987 4605 1161 4666 adstipulatur
1184 4607 1284 4656 Usener
1301 4607 1374 4666 altgr.
1392 4605 1509 4654 Verebau
1526 4621 1551 4668 p.
1571 4608 1611 4656 40.

338 4685 386 4743 Qui
403 4698 492 4734 rsrurn
510 4700 571 4734 num
589 4683 700 4734 viderint
716 4686 879 4744 dubitamus;
897 4685 942 4734 sed
961 4687 1061 4736 etiamsi
1081 4699 1171 4735 sumas
1188 4701 1246 4735 oum
1265 4687 1310 4748 qui
1327 4687 1484 4736 versiculum
1502 4687 1614 4736 coniecit

337 4767 394 4814 idm
419 4767 496 4816 scribi
518 4767 639 4827 voluisse,
662 4768 814 4830 lapidariam
838 4771 908 4817 carto
932 4769 1025 4817 litteris
1052 4763 1159 4821 110201
1179 4769 1320 4829 genitivum
1343 4769 1427 4830 11ο11ο)
1450 4771 1610 4831 significasse

339 4849 467 4908 putamus,
485 4847 554 4896 undo
571 4849 698 4897 silicinus
715 4862 764 4896 non
783 4849 925 4897 inauditam
944 4852 1004 4897 tunc
1022 4849 1147 4910 temporis
1164 4848 1244 4897 inissa
1262 4849 1409 4900 huiusmodi
1427 4851 1569 4900 elisionem.

371 4921 391 4986 ²)
409 4928 465 4976 Alia
482 4930 599 4990 exemplu
617 4933 705 4977 extrui
723 4931 785 4978 (mli.
805 4933 862 4990 840,
880 4933 937 4986 utu,
955 4932 999 4978 801
1024 4927 1117 4977 nubi.
1129 4927 1202 4970 ⁵·⁶·⁸·
1214 4925 1239 4986 ¹²,
1257 4932 1312 4979 808.
