3922 5712
908 542 973 603 280
1452 537 1481 609 [5
1507 535 1567 596 108

351 730 556 792 correximus
596 729 635 790 λλ
641 735 797 806 orodes,
833 731 871 790 ut
904 730 1061 806 futurum,
1096 730 1180 804 quod
1214 729 1274 789 rite
1308 727 1483 789 formatum
1518 725 1568 784 est

305 832 334 902 (5
348 827 435 902 220¹)
450 834 483 893 et
509 832 690 893 sententiae
710 831 803 893 unice
815 834 938 908 aptum,
955 831 1181 892 restitueretur
1199 845 1255 906 pro
1274 829 1394 890 aoristo
1409 826 1568 903 pessimae

306 936 411 1008 notae,
434 933 488 1007 qni
512 934 639 995 nonnisi
663 933 814 994 hocloco
838 936 871 994 et
894 934 909 1006 ξ
932 934 996 995 406
1023 932 1151 1009 legitur,
1174 933 1217 992 ibi
1241 932 1351 992 autem
1375 944 1439 990 non
1462 928 1569 988 minus

305 1034 421 1095 vitiose
452 1049 550 1107 quam
581 1035 643 1112 hic,
668 1049 745 1096 nam
768 1035 866 1096 verba
889 1034 948 1094 Δλο
971 1033 1130 1114 Κρονίωνα
1152 1032 1287 1111 λιτοίμην
1310 1035 1325 1105 ξ
1349 1032 1413 1091 406
1436 1029 1569 1104 peccant

305 1137 416 1196 contra
435 1138 639 1197 constantem
660 1151 785 1198 morem
806 1137 952 1198 veterum
971 1138 1152 1210 poetarum,
1172 1149 1235 1209 quo
1255 1133 1403 1194 homines
1421 1129 1569 1190 λίσσονται

305 1236 452 1297 homines
485 1238 519 1296 et
552 1237 584 1298 di
618 1237 706 1313 deos,
740 1237 790 1298 dis
822 1252 897 1298 vero
926 1236 1075 1298 homines
1105 1233 1239 1314 εὔχονται
1270 1234 1322 1296 vel
1344 1231 1486 1312 νἰοάονιοι
1516 1230 1566 1302 (ci.

303 1337 322 1406 9
346 1331 444 1406 220¹).
465 1336 578 1408 Itaque
594 1350 658 1397 uon
675 1337 726 1397 eat
748 1336 881 1396 dubium
900 1337 976 1410 quin
996 1335 1061 1396 iilic
1080 1335 1260 1411 recipienda
1279 1335 1323 1394 sit
1341 1333 1362 1394 l.
1376 1347 1404 1394 a.
1428 1327 1567 1390 ἀλιιολ-

304 1460 390 1515 μην,
418 1437 692 1511 quemadmodiim
715 1453 742 1498 e.
768 1451 797 1511 g.
822 1436 855 1495 Ω
878 1437 943 1497 570
966 1436 1084 1510 legitur
1114 1435 1186 1508 Διὸς
1210 1430 1245 1510 δ’ν
1264 1432 1405 1512 ἀλίτωμαι
1424 1429 1567 1509 ἐφετμάς

303 1540 428 1600 ceteros
451 1539 538 1600 iocos
561 1539 615 1612 qui
638 1539 700 1599 buc
723 1539 845 1600 iaciunt
866 1538 1082 1600 indicavimus
1103 1538 1136 1598 in
1161 1537 1368 1598 annotatione
1387 1535 1426 1596 ad
1450 1534 1566 1594 Tadi.

347 1639 467 1703 aedem
480 1641 591 1702 autem
605 1640 693 1717 vitio,
706 1654 768 1714 quo
783 1640 877 1717 1147,
891 1639 1014 1701 laborat
1027 1655 1140 1701 versus
1156 1639 1335 1701 Hesiodeus
1354 1638 1471 1710 rheog.
1485 1635 1566 1696 478:

483 1737 584 1803 ὁππότ’
609 1736 653 1824 dp'
682 1739 844 1804 ὁπλότατον
866 1742 983 1802 παίδων
1005 1740 1144 1820 ἤμελλε
1166 1739 1363 1816 τεκέσθαι,

303 1845 406 1906 immo
435 1842 620 1917 τέξεσθαι
652 1841 785 1922 ἔμελλε
820 1839 928 1920 (Ficki,
962 1859 1027 1918 oua
1060 1843 1255 1905 correctione
1290 1842 1409 1916 duplex
1445 1839 1569 1901 tollitur

304 1947 554 2024 incommodum,
585 1960 662 2007 nam
692 1941 796 2024 ἤμελλε
824 1960 950 2021 quoque
981 1945 1085 2006 iorrua
1108 1948 1159 2007 est
1182 1945 1303 2006 doctior
1325 1958 1424 2017 quam
1449 1940 1568 2015 sanior,

305 2048 367 2110 vid.
397 2048 415 2118 b
442 2048 513 2111 lua.
544 2047 809 2110 Emendationem
841 2050 950 2111 tuetur
980 2063 1094 2110 versus
1122 2047 1247 2109 vicinus
1270 2045 1352 2120 468;
1379 2045 1441 2106 vid.
1467 2043 1566 2105 etiam

307 2165 355 2211 vs.
381 2149 457 2212 898.

349 2251 538 2327 Discrepaut
565 2265 669 2325 neque
696 2249 762 2311 leni
784 2251 1008 2313 emendatione
1031 2250 1071 2312 ad
1095 2265 1244 2312 normam
1268 2249 1411 2310 revocari
1433 2247 1570 2321 possunt

303 2372 318 2410 ι
342 2352 385 2412 94
408 2349 725 2432 ἕμελλον...ελ’ρεσθοι,
746 2354 776 2410 Σ
801 2351 843 2413 98
862 2345 1197 2430 ’μέλλον...λνιαμῦναι,
1227 2374 1238 2411 ι
1262 2352 1325 2413 475
1356 2345 1567 2428 ἔμελλες...ἔιλ·

305 2473 391 2530 μεναι
417 2449 448 2522 ¹).

348 2554 468 2614 Dubios
490 2555 601 2613 autem
624 2552 711 2614 locos
734 2553 762 2613 si
786 2554 975 2628 excipimus,
999 2567 1069 2614 rem
1092 2554 1154 2614 huc
1176 2553 1279 2615 redire
1302 2552 1467 2612 videmus:

370 2653 458 2715 verbi
480 2651 594 2732 μέλλειν
611 2670 761 2730 promens
781 2655 865 2730 apud
889 2655 1068 2715 Homerum
1090 2654 1242 2716 adsciscit
1265 2653 1460 2714 infinitivum
1475 2668 1566 2727 prce·

791 2755 883 2816 semis
904 2757 963 2817 aut
984 2756 1107 2831 acriam

588 2857 800 2932 imperfectum
822 2856 974 2918 adsciscit
996 2855 1192 2917 infinitivum
1212 2855 1324 2931 sedari.

344 3051 466 3137 3108.
513 3057 704 3118 maanaim
745 3072 824 3118 usus
865 3073 945 3119 aevo
981 3058 1151 3119 Homerico
1189 3056 1293 3118 muito
1329 3057 1428 3117 latius
1461 3057 1567 3131 patuit

299 3172 398 3232 quam
432 3159 553 3234 postea,
590 3159 674 3219 baud
705 3173 776 3218 raro
806 3158 893 3218 enim
923 3158 955 3218 in
986 3159 1157 3219 sententiis
1188 3158 1349 3234 primariis
1377 3157 1480 3232 satrcri
1498 3157 1566 3218 ioco

300 3260 524 3334 usurpabatur.
559 3258 662 3333 Quam
692 3273 762 3320 rem
793 3262 830 3319 ut
860 3261 945 3320 recte
969 3260 1179 3336 diudicemus,
1203 3258 1406 3321 recordemur
1429 3259 1564 3334 oportet,

299 3359 443 3420 futurum
467 3359 707 3422 esubiunctivo
727 3361 892 3437 prodiisse,
915 3359 954 3422 ci.
978 3376 1029 3421 cro
1048 3362 1079 3433 (i.
1094 3377 1121 3422 e.
1142 3365 1199 3432 reo)
1216 3358 1263 3437 ἴω,
1284 3361 1360 3438 succ
1379 3361 1452 3422 ‹rm›
1472 3360 1567 3436 δείξω,

297 3463 400 3524 videro
429 3460 545 3540 irrita,
577 3463 610 3524 in
633 3463 723 3540 epica
745 3466 857 3526 autem
880 3463 990 3539 lingua
1014 3465 1159 3526 futurum
1185 3480 1204 3525 a
1228 3465 1432 3525 subiunctivo
1455 3463 1566 3525 aoristi

296 3563 460 3637 sigmatici
491 3565 546 3625 vix
576 3565 753 3638 quidquam
784 3565 982 3640 discrepare;
1015 3566 1055 3626 ci.
1074 3559 1098 3635 ’9
1125 3566 1196 3626 122.
1230 3566 1357 3626 Sensim
1390 3568 1499 3626 autern
1532 3566 1564 3624 in

297 3663 430 3725 Graecia
464 3665 566 3726 crevit
599 3664 700 3724 futuri
731 3665 920 3740 dominium,
953 3669 986 3726 et
1016 3665 1115 3726 simui
1148 3665 1238 3741 iinee,
1271 3667 1356 3726 inira
1386 3681 1466 3739 quos
1494 3666 1564 3726 sub·

296 3764 430 3826 iunctivi
453 3768 599 3841 potestas
621 3767 795 3842 cohibetur,
821 3767 927 3841 magis
951 3767 1119 3841 magisque
1143 3767 1378 3828 coartabuntur.

341 3868 409 3928 Duo
440 3867 492 3930 hic
518 3868 803 3930 commemoranda
825 3867 917 3929 nobis
941 3871 1018 3930 sunt
1040 3884 1158 3942 genera
1182 3870 1425 3930 enunciatorum
1448 3869 1561 3943 prima·

295 3969 427 4047 riorum,
451 3985 534 4044 quae
556 3971 596 4032 ab
619 3971 729 4032 Attica
752 3969 888 4032 dialecto
911 3969 1018 4030 aliena
1040 3973 1136 4031 sunt:

339 4071 365 4132 Ι.
391 4071 621 4132 Subiunctivus
646 4079 683 4139 -i-
709 4091 741 4130 κο
764 4095 797 4116 =
820 4071 1015 4132 indicativus
1037 4072 1147 4133 iuturi.
1172 4072 1206 4132 Ε.
1231 4086 1261 4145 g.

338 4167 393 4247 τὴν
415 4165 470 4248 μὲν
493 4167 549 4250 ἐγὼ
572 4169 629 4230 σὺν
640 4169 694 4247 νηί
712 4164 733 4229 τ’
760 4167 877 4252 {princi
896 4165 986 4247 ἔμοῖὄ
1007 4167 1133 4248 ἑτάροισι
1153 4167 1157 4252 Ι
1177 4167 1296 4248 πέμψει,
1314 4167 1370 4250 ἐγὼ
1393 4166 1426 4229 di
1437 4162 1461 4229 ιε’
1484 4165 1561 4249 ἄγω

296 4268 440 4350 Βρισηίδα
464 4268 674 4354 καλλιπάρῃον.
698 4273 727 4329 A
752 4269 814 4329 188
837 4284 885 4343 sq.

327 4521 346 4586 ¹)
363 4523 431 4572 Nihil
453 4525 550 4573 tmoliti
571 4528 613 4574 ut
630 4529 654 4573 Κ
670 4526 718 4573 sbi
740 4527 989 4585 λμελλε...λλσσεσθαι
1012 4529 1039 4575 ελ
1056 4530 1070 4582 ζ
1086 4530 1133 4574 110
1151 4528 1376 4586 [posthabendas.
1394 4526 1558 4574 iniurientur

292 4603 432 4650 infinitivus
457 4604 594 4664 utrobique
617 4607 696 4662 extat,
713 4603 774 4651 licei
789 4605 816 4650 in
834 4603 916 4652 terico
930 4605 1048 4668 libetinfli
1062 4603 1193 4668 μνωεειιλλε
1209 4605 1350 4653 menium
1366 4606 1408 4653 bia
1427 4606 1491 4653 iocis
1508 4603 1559 4664 legi

293 4680 399 4730 dicatur.
