3936 5704
941 689 1005 734 bvii

558 860 677 943 ,πηγὸς
700 861 858 942 πάρεστι;”
882 897 925 906 -
948 861 1059 944 aaron
1081 860 1147 943 οὐχλ
1169 862 1300 924 λαικάσει

559 961 632 1043 ἐρεῖς
655 960 835 1043 σαφίστερόν
857 959 886 1024 θ’
912 959 929 1024 ὃ
952 963 1054 1043 βούλει
1075 987 1127 1042 μοι
1148 961 1258 1046 λίγειν;
1281 965 1344 1008 -Ῡ

556 1060 751 1138 „trecentae
773 1057 797 1144 μ’
824 1057 859 1143 el,
880 1061 1016 1144 πρίσβυ”
1041 1060 1127 1143 φήσ’·
1151 1064 1250 1144 ,ἅλας
1271 1063 1351 1146 φέρε.

556 1159 630 1226 τοῦτ’
655 1163 715 1226 ῖστι
736 1165 841 1246 πηγός.
864 1163 938 1227 ἀλλὰ
961 1167 1059 1241 δεῖξον
1080 1164 1229 1248 χίρνιβα.”
1255 1199 1295 1210 —-

556 1275 664 1345 παρῆν.
687 1265 790 1346 ῖθυεν,
812 1266 908 1348 ἔλεγεν
931 1265 1004 1327 ἄλλα
1027 1266 1143 1347 βήματα

555 1363 670 1429 τοιαῦθ’
697 1365 716 1427 λλ
739 1366 781 1446 μὰ
803 1367 858 1447 τὴν
880 1377 938 1448 γῆν
960 1365 1032 1430 otti
1055 1361 1096 1441 είς
1119 1365 1247 1447 ἤκουσεν
1269 1364 1317 1445 ἂν,

554 1469 705 1547 μίστυλλα,
726 1468 841 1549 μοίρας,
863 1462 987 1548 δίπτυχ’,
1008 1464 1138 1548 ὀβελούς·
1162 1468 1234 1530 ὥστε
1256 1490 1290 1546 με

554 1563 622 1630 τῶν
637 1577 690 1629 τοῦ
717 1571 830 1646 Φιλητᾶ
852 1568 1043 1648 λαμβάνοντα
1066 1569 1183 1648 βιβλίον

554 1675 676 1731 σκοπεῖν
698 1667 805 1731 ἕκαστα
828 1669 857 1729 τί
878 1670 1005 1731 δύναται
1027 1679 1085 1730 τῶν
1108 1669 1255 1750 βημάτων·

554 1771 633 1851 πλὴν
656 1768 786 1833 ἱκέτευον
809 1769 902 1834 αὐτὸν
925 1769 985 1851 ἤδη
1009 1774 1183 1854 μεταβαλεῖν

557 1872 756 1955 ἀνθρωπίνως
780 1879 878 1935 λαλεῖν
901 1892 939 1936 τε·
962 1873 1014 1935 τὸν
1038 1869 1066 1936 δ’
1094 1869 1160 1937 οὐδ’
1187 1871 1226 1934 ἂν
1249 1874 1321 1955 ταχὺ

552 1976 667 2038 ἔπεισεν
689 1973 709 2055 ἡ
735 1975 839 2038 Πειθὼ
862 1975 904 2055 μὰ
928 1975 983 2055 τήν
1005 1985 1063 2058 γῆν
1086 1971 1144 2038 old’
1173 1975 1224 2038 ὅτι.

377 2079 520 2154 Goquum
552 2081 651 2155 igitur
680 2081 818 2142 dictione
850 2079 1024 2142 Homerica
1046 2081 1234 2141 abutentem
1258 2079 1387 2141 induxit
1410 2079 1529 2156 Strato,
1553 2079 1605 2139 sni

333 2182 487 2256 temporis
517 2182 626 2243 studia
656 2183 765 2243 inania
788 2183 905 2244 festive
929 2182 1159 2258 perstringens.
1183 2183 1220 2242 In
1245 2181 1390 2243 Philotae
1412 2181 1525 2242 autem
1550 2181 1605 2242 Ooi

332 2300 435 2361 opere,
463 2285 548 2345 unde
575 2285 603 2346 is
634 2284 689 2358 qui
720 2299 858 2358 coquum
883 2285 968 2346 hunc
991 2284 1090 2345 nimis
1110 2285 1242 2345 doctum
1263 2282 1462 2345 conduxerat
1485 2297 1605 2344 novam

331 2386 524 2461 sapientiam
560 2387 724 2447 addiscere
758 2385 894 2447 conatus
928 2387 989 2463 est,
1025 2385 1205 2462 explicatae
1237 2385 1478 2460 reperiebantur
1507 2399 1605 2446 voces

331 2487 439 2564 spicae
470 2488 581 2561 quales
612 2490 691 2549 sunt
720 2483 855 2566 μέροπες,
885 2485 1046 2565 increpato,
1075 2484 1295 2566 ἐρυσίχθον’),
1327 2488 1416 2565 μῆλα,
1438 2484 1605 2564 obtexitur,

332 2588 436 2668 πηγός,
458 2589 625 2666 μιστύλλειν
644 2585 677 2666 ²),
699 2593 811 2666 μοῖραι,
832 2587 967 2668 δίπτυχα,
990 2583 1101 2666 ὀβελός.

377 2689 493 2766 Quales
527 2692 639 2752 autem
675 2705 800 2751 errores
834 2690 934 2750 ctiam
965 2690 998 2750 in
1029 2689 1227 2750 eruditorum
1251 2689 1394 2750 virorum
1418 2689 1604 2750 huiusmodi

333 2792 606 2854 lucubrationibus
636 2791 758 2853 fuerint
787 2791 881 2852 docet
911 2806 976 2851 vox
1005 2787 1101 2870 πηγὸς
1130 2791 1206 2853 salia
1235 2805 1334 2853 sensu
1361 2806 1381 2853 a
1405 2805 1526 2853 nesam
1548 2790 1604 2853 illo

331 2909 432 2968 coquo
463 2910 503 2954 ex
531 2894 676 2955 Philotae
703 2893 829 2954 scilicet
859 2892 1052 2954 auctoritate
1076 2892 1236 2968 adhibita;
1260 2907 1323 2953 non
1348 2893 1436 2954 enim
1459 2893 1603 2955 Homeri·

332 3010 406 3054 curn
442 2995 492 3056 est
527 2993 622 3074 πηγός
656 3011 712 3070 pro
743 2992 820 3072 ἅλες,
849 2995 906 3055 sed
938 2995 970 3054 ni
995 2993 1089 3056 fallor
1115 2995 1310 3069 quibusdam
1333 2995 1410 3057 oiim
1436 2994 1604 3056 videbatur

332 3112 461 3158 cascam
485 3113 597 3159 vocem
622 3096 720 3177 πργὸν
743 3104 824 3174 κῦμα
846 3117 859 3156 ε
880 3097 944 3157 388
965 3095 1097 3172 nudam
1120 3097 1286 3158 marinum
1305 3096 1603 3173 interpretantibus,

330 3199 420 3260 Alios
444 3215 567 3260 errores
587 3207 645 3258 τῶν
664 3197 905 3277 γλωσσογράφον
925 3198 1048 3274 passim
1068 3200 1223 3260 notarunt
1241 3199 1449 3261 Aristarchus
1469 3199 1603 3272 eiusque

330 3298 494 3372 discipuli;
520 3299 582 3358 vid.
607 3299 708 3358 Lehrs
731 3299 847 3358 arist.²
870 3313 899 3373 p.
925 3299 968 3358 86
990 3313 1060 3370 sqq.

376 3398 423 3458 Ad
454 3397 615 3457 Philetam
646 3397 730 3470 quod
759 3397 887 3472 attinet,
919 3396 982 3456 duo
1009 3398 1138 3458 tantum
1162 3398 1233 3459 eius
1256 3399 1547 3474 interpretamenta
1569 3399 1602 3460 in

330 3497 461 3558 scholiis
493 3497 674 3559 Homericis
704 3496 887 3574 laudantur,
918 3497 1093 3560 absurdum
1125 3499 1237 3560 autem
1269 3500 1321 3560 est
1349 3499 1541 3572 utrumque:
1569 3499 1604 3561 in

331 3614 427 3660 versu
451 3595 568 3676 ἀχρεῖον
592 3596 665 3660 ἰδὼν
689 3595 876 3677 ἀπομόρξατο
901 3597 997 3679 δάκρυ
1021 3601 1045 3659 Β
1070 3601 1133 3661 269
1157 3614 1272 3662 vocem
1297 3601 1406 3661 ΙΔΩΝ
1439 3616 1496 3678 pro
1518 3601 1603 3676 genl-

331 3701 398 3762 tivo
424 3701 558 3775 pluralis
590 3702 716 3762 numeri
744 3696 1042 3779 tdav=dpdetpav
1064 3702 1212 3779 habebat,
1236 3703 1270 3765 et
1293 3706 1386 3782 φρῖια
1410 3705 1439 3763 d>
1463 3705 1526 3765 126
1549 3719 1602 3765 ex·

329 3803 470 3879 plicabat
489 3805 604 3880 [ι-λριιε,
636 3804 696 3865 toti
726 3803 795 3864 loco
822 3818 957 3864 sensum
980 3803 1125 3865 tribuens
1145 3820 1245 3878 quam
1265 3805 1409 3867 maxime
1429 3806 1602 3868 insulsum.

329 3905 474 3966 'l'crtium
502 3907 706 3980 cognoscitur
733 3920 750 3966 e
777 3905 993 3967 carminis-
1021 3921 1098 3967 nam
1122 3908 1218 3983 poeta
1240 3909 1274 3969 et
1296 3908 1364 3983 ipse
1388 3908 1498 3970 baberi
1523 3909 1605 3970 vole·

330 4007 396 4084 bat,
428 4009 460 4069 et
490 4010 598 4070 clarus
623 4008 794 4083 aliquando
827 4008 878 4068 est
902 4007 1042 4084 habitus,
1071 4043 1110 4053 -
1136 4026 1154 4071 e
1178 4011 1333 4072 carminis
1357 4011 1513 4093 Παιγνίων
1535 4012 1605 4074 loco

330 4111 414 4185 apud
439 4109 613 4174 Stobaeum
638 4111 744 4173 Floril.
772 4111 908 4173 LXXXI
933 4113 952 4172 4
976 4112 1094 4175 allato:

597 4211 634 4275 οίί
656 4211 693 4292 μί
716 4237 759 4288 τις
783 4212 813 4290 ἕξ
837 4209 931 4296 ὁρίων
954 4212 1127 4294 ἀποφώλιος
1150 4213 1313 4299 ἆγροιώτης

597 4315 722 4397 αἱρήσει,

366 4607 386 4671 ¹)
404 4611 434 4657 ln
453 4611 533 4671 epioie
549 4626 616 4672 quae
634 4616 724 4662 exunt
742 4615 899 4663 carminibus
917 4616 966 4664 hoo
983 4617 1126 4679 epitheton,
1140 4617 1210 4678 qnod
1228 4615 1303 4666 οαεῖι
1318 4619 1398 4667 iuieee
1415 4618 1542 4666 intellexit
1557 4631 1607 4668 von

330 4689 506 4748 witmarum,
524 4703 574 4739 non
595 4695 729 4752 reperitur.

365 4762 388 4832 ²)
404 4767 468 4816 Nem
485 4774 598 4827 μίστυλλα
615 4785 704 4820 vocem
723 4775 802 4822 stulte
819 4775 893 4822 linxit
909 4775 932 4822 ie
949 4776 994 4834 qul
1011 4775 1120 4836 loquens
1137 4774 1275 4837 inducitur,
1290 4777 1364 4836 quael
1378 4790 1470 4824 nomen
1484 4777 1604 4824 enbetnn·

331 4849 414 4896 tivum
432 4853 502 4897 emet
519 4850 684 4898 Homericum
703 4853 768 4900 iiind
784 4856 909 4912 μίστυλλόν
926 4855 945 4900 ι’
965 4855 1011 4918 ἄρα
1028 4855 1116 4910 τ’ἄλλα,
1136 4869 1187 4902 uon
1203 4855 1276 4903 verbi
1293 4855 1480 4917 imperfectum.
