3936 5704
992 661 1073 707 hxix

392 854 475 913 quae
508 837 584 899 data
618 851 715 912 opera
749 835 974 911 inquireretur.
1010 834 1102 898 blodo
1133 849 1190 911 per
1218 832 1326 897 iocum
1360 835 1435 910 post
1465 832 1579 912 poculo
1611 832 1663 895 vsi

391 941 475 1002 inter
505 937 739 1002 ambulandum
770 937 1027 1016 proponebantur
1057 934 1322 1012 quaestiunculas
1346 938 1387 999 ad
1410 936 1544 999 Homeri
1567 935 1662 1000 inter·

393 1041 604 1117 pretationem
640 1040 849 1117 pertinentes,
892 1039 1074 1101 sententiae
1111 1037 1215 1113 lepide
1250 1038 1415 1116 obscuras,
1454 1054 1518 1100 non
1556 1039 1662 1116 anxie,

392 1143 430 1204 ut
461 1142 554 1204 Gellii
578 1140 827 1212 vorbis(XV111
851 1143 881 1211 2)
912 1143 1003 1214 utar;
1036 1139 1132 1201 aliive
1155 1139 1223 1200 iudi
1245 1139 1394 1200 litterarii
1418 1140 1606 1217 agebantur,
1629 1142 1662 1201 in

393 1245 508 1318 quibus
539 1243 568 1303 si
600 1242 728 1303 tanturn
759 1240 917 1302 excellere
939 1241 1089 1316 poterant
1111 1239 1166 1313 qui
1190 1240 1279 1315 opica
1301 1241 1448 1301 carmina
1469 1241 1504 1300 in
1527 1254 1661 1301 succum

393 1347 426 1407 et
454 1343 645 1418 sanguinem
677 1342 874 1419 recepissent
898 1337 937 1416 ');
969 1342 1063 1403 modo
1092 1342 1131 1403 de
1162 1337 1300 1418 ἀπορίαις
1325 1335 1498 1419 Ὁμηρικοῖς
1522 1341 1606 1402 serio
1630 1344 1664 1403 et

392 1447 508 1508 acriter
536 1445 570 1505 in
601 1443 730 1505 diversa
759 1441 992 1519 disputabatur,
1016 1441 1176 1516 multique
1198 1441 1273 1504 inde
1296 1457 1316 1502 o
1338 1441 1559 1518 sophistarum
1581 1455 1662 1502 aevo

392 1547 523 1608 luerunt
551 1545 606 1619 qui
629 1544 799 1619 gloriolam
822 1543 967 1619 aliquam
992 1543 1066 1604 inde
1090 1543 1152 1605 sibi
1175 1545 1362 1620 captarent;
1387 1543 1559 1606 videantur
1581 1558 1664 1617 quae

391 1648 430 1709 de
460 1645 684 1722 grammaticis
713 1647 769 1720 qui
799 1642 964 1705 ἐνσοαοοκοί
993 1646 1027 1706 ei
1056 1643 1172 1706 λυτικοί
1203 1645 1280 1706 dicti
1308 1646 1386 1706 sunt
1408 1645 1539 1721 scripsit
1561 1645 1662 1706 Lehrs

391 1743 503 1809 Arist.¹
524 1763 554 1824 p.
577 1748 639 1807 199
652 1761 722 1821 sqq.
743 1746 793 1807 Ab
813 1746 964 1808 acumine
983 1761 1046 1820 quo
1074 1746 1258 1808 huiusmodi
1279 1744 1409 1823 ζητήσεις
1429 1745 1550 1820 tingere
1565 1747 1664 1807 sciret

390 1849 476 1909 λύσιν
509 1863 572 1909 non
608 1846 702 1908 facile
732 1847 945 1908 admittentes
977 1846 1114 1921 Satyrus
1145 1847 1276 1921 quidam
1308 1845 1488 1908 Aristarchi
1518 1844 1664 1920 aequalis

391 1965 447 2026 per
480 1951 587 2011 iocum
621 1945 638 2008 t
671 1951 752 2025 Ζῆτα
783 1951 836 2010 est
865 1949 1087 2024 nuncupatum
1120 1949 1248 2023 propter
1281 1947 1445 2009 doctrines
1479 1946 1663 2008 ubertatem

393 2051 659 2124 celeritatemque
682 2050 802 2125 ingenii
826 2050 942 2124 quihus
964 2049 1172 2125 quaestiones
1202 2049 1364 2125 quaslibet
1390 2048 1518 2112 solvere
1544 2048 1664 2111 soleret

393 2152 553 2216 ciceronis
582 2156 726 2230 tempore
757 2153 880 2216 Romae
913 2153 1106 2215 laudabatur
1134 2152 1285 2215 Valerius
1320 2151 1409 2229 (tato,
1441 2167 1539 2226 quem
1569 2150 1663 2213 bellis

391 2254 540 2316 civilibus
573 2254 613 2314 ad
646 2252 874 2330 paupertatem
904 2251 1067 2329 adactum,
1098 2268 1174 2313 cum
1205 2251 1359 2314 solvendo
1392 2267 1457 2313 non
1491 2251 1590 2328 osset,
1621 2250 1662 2312 il.

391 2355 506 2416 Furius
528 2352 701 2414 Bibaculus
724 2351 797 2413 risit
819 2352 1055 2428 epigrammate
1078 2351 1162 2427 apud
1186 2351 1377 2414 Suetonium
1397 2352 1437 2413 de
1456 2351 1502 2414 ill.
1522 2366 1661 2427 gramm

394 2456 432 2516 ii
458 2455 606 2516 servato:

703 2554 834 2618 camnis
857 2555 963 2633 modo,
987 2553 1089 2634 Galle,
1111 2554 1333 2618 Tusculanum

701 2659 770 2721 tota
792 2658 930 2722 creditor
952 2658 1030 2720 urbe
1054 2659 1251 2722 venditabat.

701 2763 808 2825 ilirati
830 2777 957 2840 sumus,
981 2760 1114 2824 unicum
1138 2761 1344 2841 magistrum,

702 2880 871 2928 summum
895 2864 1158 2942 grammaticum,
1182 2866 1343 2943 optimum
1365 2866 1506 2941 poetam,

701 2983 815 3031 omnes
838 2967 964 3029 solvere
988 2981 1083 3042 posse
1105 2967 1322 3046 quaestiones,

700 3085 802 3132 unum
825 3069 955 3133 difficile
979 3068 1129 3145 expedire
1153 3083 1281 3131 nomen.

701 3173 747 3234 En
770 3188 825 3234 cor
848 3172 1012 3248 Zenodoti,
1037 3186 1077 3233 en
1101 3168 1190 3233 lecur
1212 3170 1361 3232 (tratetis.

433 3273 597 3335 infinitam
628 3276 739 3336 autem
771 3275 1001 3348 quaestionum
1029 3273 1276 3335 Homericarum
1305 3273 1430 3348 copiam
1453 3272 1661 3347 inpromptu

389 3374 490 3434 ruisse
519 3374 613 3435 facile
644 3375 876 3450 intellegimus,
908 3389 984 3436 cum
1015 3375 1207 3448 reputamus
1237 3373 1381 3451 primum
1412 3373 1527 3434 statim
1550 3371 1662 3432 liiadis

389 3473 581 3534 vocabulum
602 3474 788 3548 disputandi
806 3490 923 3535 ansam
941 3473 1146 3550 praebuisse:
1171 3472 1253 3550 ,Gur
1272 3486 1292 3532 a
1311 3487 1390 3533 vocs
1410 3471 1495 3532 maie
1515 3471 1662 3532 ominata

390 3573 519 3634 initium
552 3573 629 3634 iecit
652 3575 791 3648 poetai’·
817 3573 998 3648 rogabatur.
1023 3574 1171 3634 ieiunam
1195 3573 1420 3648 quaestionem
1442 3571 1663 3633 insulsissime

388 3673 469 3750 Apio
504 3673 550 3735 ita
584 3674 732 3736 solvebat
768 3677 805 3736 ut
837 3675 957 3736 litteris
989 3675 1062 3735 ΜΗ
1088 3688 1263 3736 numerum
1291 3673 1549 3751 rhapsodiarum,
1580 3687 1663 3748 quae

394 3835 585 3846 1¹——

420 3939 441 4010 Ι)
458 3945 500 3994 dio
525 3945 558 3993 ad
583 3947 697 3995 animum
719 3944 921 3994 demulcendum
943 3947 1023 4006 atque
1045 3944 1184 3994 laxandum
1208 3959 1224 3993 s
1246 3943 1355 4006 singulis
1378 3945 1493 3994 convivis
1510 3945 1665 4008 poscebatur

388 4039 411 4074 o.
428 4039 453 4086 g.
469 4029 500 4074 ut
516 4027 656 4074 recitarent
672 4039 762 4075 venue
781 4025 933 4074 Homericos
952 4025 1043 4074 eedem
1061 4025 1148 4074 litters
1165 4025 1320 4087 incipientes
1337 4027 1416 4088 sique
1441 4025 1598 4088 dulusntes,
1614 4026 1665 4074 vid.

387 4105 478 4154 Athen.
495 4105 519 4152 Χ
535 4118 560 4165 p.
584 4107 641 4154 488.
667 4105 792 4154 Eiusdem
810 4105 907 4153 larinas
925 4106 966 4152 eei
984 4104 1077 4152 iuliani
1094 4105 1259 4165 imperatoris
1275 4105 1308 4153 de
1325 4105 1457 4166 Penelope
1473 4105 1592 4165 esaim
1608 4119 1664 4153 ver·

389 4195 445 4228 eum
463 4199 479 4228 s
498 4183 547 4230 888
564 4185 684 4244 spectans
703 4181 726 4236 it
742 4184 813 4230 socie
831 4186 959 4246 δμριρουιο
976 4182 1127 4246 opsessores
1145 4179 1280 4244 δειφαονθιι
1298 4178 1417 4248 (Gregor.
1441 4182 1554 4230 Ocrintlr.
1572 4196 1597 4243 p.
1615 4183 1664 4232 ici

388 4261 536 4324 italienses).
559 4263 602 4311 iiio
623 4263 788 4312 observatum
812 4263 853 4312 ost
872 4262 897 4310 in
920 4274 996 4310 versu
1019 4267 1046 4310 Χ
1068 4261 1099 4310 os
1121 4263 1228 4311 ouuotss
1249 4263 1372 4313 orationis
1389 4264 1477 4324 partes
1491 4275 1548 4310 csse
1563 4261 1663 4311 sdhlhi·

390 4345 436 4402 iss,
452 4355 554 4390 romum
575 4346 597 4389 i'
616 4345 663 4390 188
688 4357 734 4404 por
761 4344 864 4405 singule
886 4343 1010 4393 vocabule
1028 4343 1136 4403 singuiis
1159 4343 1265 4405 syllabis
1280 4344 1432 4406 increscere,
1448 4357 1550 4391 vorsum
1572 4348 1596 4390 Χ
1616 4345 1663 4392 188

390 4423 523 4472 οιιιΙοιιιΊιιιι
550 4425 750 4487 iratisposlliono
781 4425 807 4472 ih
833 4425 968 4473 sotadeum
991 4424 1070 4488 (seius
1092 4429 1173 4486 polipo
1202 4425 1310 4487 Πηλιάδα
1336 4421 1412 4477 detritu
1428 4424 1478 4472 κατ’
1497 4421 1570 4486 ὦμον)
1588 4437 1666 4486 posito

389 4504 490 4565 mutari,
507 4519 610 4553 vorsum
630 4510 656 4553 ¹1¹
679 4505 727 4554 844
754 4506 827 4572 lpyoee
852 4507 967 4554 suodroer
995 4505 1035 4565 ipsi
1058 4505 1084 4552 ti
1102 4505 1151 4570 χρὴ
1164 4508 1234 4570 γήραϊ
1249 4509 1326 4571 λυγρῷ
1347 4519 1395 4569 pro
1414 4506 1533 4554 trimetro
1555 4505 1666 4554 iambico

388 4582 476 4631 irsbsri
492 4598 576 4645 posse.
594 4583 679 4633 libiam
697 4584 722 4632 iu
740 4584 859 4632 versibus
877 4587 1003 4647 ἰσοψήφοις
1022 4582 1247 4645 deprehendendis
1265 4585 1337 4634 iusrs
1358 4586 1402 4647 qui
1420 4585 1533 4633 studium
1555 4584 1665 4632 oosscoa·

389 4663 445 4708 rent
461 4662 545 4721 iusns,
567 4676 589 4710 e.
607 4676 631 4724 g.
649 4675 741 4710 versus
769 4664 845 4710 raoo
861 4662 968 4724 perinde
982 4665 1061 4724 atque
1079 4664 1213 4725 sequentis
1227 4665 1327 4713 litteras
1340 4677 1475 4713 numerum
1495 4663 1572 4712 edere
1590 4665 1665 4724 8848,

387 4753 476 4790 versus
495 4743 584 4790 11864
610 4756 648 4802 sq.
675 4742 777 4790 siiioere
805 4742 871 4789 8498
895 4745 1038 4790 memoratu
1062 4741 1167 4803 dignum
1193 4743 1277 4791 visum
1301 4746 1348 4792 eet
1366 4769 1400 4780 -
1415 4745 1504 4793 Nonne
1526 4743 1598 4792 idere
1616 4743 1661 4790 sil-

388 4819 489 4880 qusndo
509 4820 555 4882 qui
570 4820 670 4869 Biblias
687 4834 776 4870 sacrae
793 4821 895 4870 litterae
912 4825 1077 4870 numerarent
1095 4823 1218 4870 οιιιιοιοιιι
