3958 5696
1006 695 1069 758 562
1548 697 1579 767 [9
1601 697 1666 756 826

397 883 573 961 dicionalis,
604 883 687 958 quod
723 883 779 944 vix
813 899 952 958 usquam
983 882 1057 944 alibi
1088 883 1171 958 apud
1203 883 1383 945 Homerum
1414 884 1538 945 iactum
1562 885 1612 944 ost
1631 886 1664 958 ¹),

398 988 533 1062 utraque
556 987 674 1060 legitur
696 986 817 1048 forma:

541 1085 588 1148 ool
611 1082 640 1148 δ’
666 1085 712 1148 ἂν
735 1085 791 1169 ἐγὼ
813 1086 930 1167 πομπὸς
952 1088 1005 1150 καί
1025 1109 1065 1149 κε
1087 1085 1195 1148 κλυτὸν
1213 1085 1320 1168 Ἀργος
1343 1087 1464 1166 ἱκοίμην
1482 1085 1513 1158 ⁸).

397 1192 568 1252 Poteratne
599 1189 718 1250 clarius
747 1190 891 1267 indicari,
921 1190 1000 1250 nihil
1030 1204 1163 1265 prorsus
1186 1190 1368 1252 interesse?
1398 1191 1489 1251 Idem
1517 1190 1604 1249 valet
1625 1189 1665 1248 de

397 1293 476 1353 locis
507 1291 639 1367 aliquot,
663 1290 716 1351 ubi
738 1286 777 1350 dv
799 1311 832 1350 κε
855 1291 1061 1366 copulantur;
1092 1306 1170 1351 nam
1195 1306 1309 1352 versus
1331 1291 1378 1352 iili
1402 1291 1511 1350 vitiosi
1535 1289 1663 1364 quidem

397 1395 475 1454 sunt
496 1391 607 1468 procui
629 1392 734 1468 dubio,
759 1392 878 1452 sedne
901 1392 990 1453 nasci
1013 1390 1143 1465 quidem
1166 1393 1293 1466 poterat
1315 1392 1375 1452 boc
1395 1391 1513 1452 vitium
1534 1391 1563 1451 ei
1582 1390 1665 1450 inter

397 1491 436 1556 iio
466 1495 500 1556 et
528 1514 579 1554 neo
608 1493 782 1556 discrimen
808 1493 937 1568 aliquod
967 1495 1025 1556 aut
1051 1495 1139 1556 osset
1161 1496 1219 1556 aut
1241 1510 1314 1556 esse
1337 1494 1510 1556 videretur.
1534 1491 1581 1553 lin
1604 1491 1662 1553 ioci

397 1613 478 1673 quos
499 1597 587 1660 dico:

442 1704 473 1759 Λ
498 1699 559 1760 187
624 1691 688 1776 ὄφρ’
722 1693 768 1755 ἂν
798 1692 852 1774 μέν
881 1717 947 1756 aro
977 1693 1057 1780 ὁρᾷς.
1087 1699 1228 1772 negatur
1257 1713 1331 1758 cum
1362 1696 1507 1758 Nauckio
1535 1687 1590 1772 ἧος
1611 1691 1664 1771 μέν

442 1803 473 1857 Λ
497 1799 560 1858 202
862 1817 913 1856 κεν
936 1793 1007 1880 ὁρᾷς
1030 1800 1093 1868 (vel
1116 1799 1224 1874 potius
1246 1792 1267 1876 χ’
1293 1794 1404 1880 deripe).

442 1920 455 1958 ε
478 1901 540 1959 361
566 1891 632 1976 ὄφρ’
657 1893 703 1956 ἂν
726 1893 780 1975 μέν
802 1917 868 1956 κεν
891 1891 1007 1976 δούρατ’
1073 1897 1135 1959 Hic
1170 1913 1296 1971 quoque
1332 1913 1407 1958 cum
1437 1896 1582 1957 Nauckio
1611 1885 1665 1972 ἧος

442 2001 543 2071 {259
567 1992 633 2079 ὄφρ’
668 1994 715 2057 ἂν
737 1994 792 2076 μέν
814 1993 837 2058 κ’
863 1993 973 2078 ἀγροὺς
1124 1995 1178 2077 μέν
1200 2001 1262 2060 etc,
1287 1998 1459 2072 legandum
1484 2012 1609 2058 censeo.

443 2101 475 2158 N
501 2101 562 2162 127
593 2095 628 2170 ἃς
651 2093 709 2158 οὔτ’
735 2095 773 2158 ἅν
795 2119 862 2158 κεν
879 2095 969 2178 ’Ἀρης
991 2093 1128 2159 ὀνόσαιτο
1151 2097 1309 2177 μετελθών.
1333 2099 1479 2159 Correxit
1500 2097 1663 2158 vHerwer·

487 2202 548 2261 den
571 2196 616 2280 cip
638 2215 695 2274 pro
717 2195 764 2258 do.
789 2198 834 2260 Oi.
858 2215 924 2261 var.
949 2199 1023 2260 loct.
1049 2202 1079 2258 Α
1103 2200 1165 2260 168
1190 2201 1264 2260 Hb
1289 2201 1408 2261 Pure.

453 2324 464 2360 ι
488 2301 552 2360 334
576 2300 607 2360 οἲ
627 2294 657 2360 δ’
682 2297 786 2378 ἔλαχον
808 2298 877 2370 τοὺς
905 2295 950 2360 iio
973 2321 1013 2359 κε
1035 2297 1085 2358 καὶ
1107 2297 1220 2378 ἤθελον
1242 2298 1331 2372 αὐτὸς
1354 2297 1481 2359 ἑλέσθαι.
1505 2299 1567 2359 Hic
1592 2313 1662 2372 quo

487 2417 549 2474 que
579 2396 617 2479 dp
647 2416 704 2476 pro
736 2397 774 2458 ἄν
805 2399 942 2461 fumasse
975 2400 1104 2462 sufficit.
1129 2401 1331 2477 Quamquam
1355 2401 1536 2474 graviorem
1560 2399 1663 2459 labem

490 2501 575 2562 huno
606 2516 738 2562 versum
762 2500 964 2562 contraxisse
988 2501 1134 2575 suspicor
1155 2503 1283 2576 propter
1305 2516 1438 2563 versum
1461 2499 1664 2561 subsimilem

490 2607 656 2666 ettamen
679 2601 935 2665 dissimillimum
959 2604 993 2662 H
1016 2603 1088 2664 182.

448 2723 466 2767 ο
491 2706 554 2768 318
578 2703 624 2786 ἣν
646 2726 701 2787 περ
719 2704 775 2788 γάρ
798 2700 821 2766 κ’
847 2702 978 2767 ἐθέλωσι.
1007 2705 1233 2769 certissimum
1257 2707 1438 2770 remedium
1461 2707 1493 2768 in
1517 2706 1665 2782 promptu

487 2811 549 2888 est,
571 2825 688 2886 nempe
710 2807 740 2869 ei
756 2828 822 2890 περ,
845 2809 928 2884 quod
951 2810 1052 2872 codex
1075 2810 1205 2872 Meerm.
1230 2810 1369 2888 praebet.

442 3015 533 3075 Idem
556 3015 655 3089 igitur
668 3045 708 3056 -
721 3013 824 3074 denuo
848 3015 907 3075 hoc
930 3015 1011 3091 dico,
1035 3007 1076 3086 εἷς
1099 3011 1155 3094 γὰρ
1177 3012 1264 3095 λόγος
1286 3036 1337 3092 μοι
1360 3008 1437 3094 δεῦρ’
1463 3010 1509 3074 ἀεὶ
1531 3011 1663 3092 περαίνε-

398 3137 456 3192 ται,
469 3149 509 3159 -
522 3114 608 3176 idem
632 3113 815 3188 significant
837 3135 888 3174 κεν
911 3118 945 3175 et
966 3112 1015 3192 dv,
1037 3119 1070 3176 et
1093 3117 1207 3177 eadem
1230 3117 1352 3177 ratione
1375 3115 1576 3177 adhibentur.
1604 3113 1664 3173 Sed

397 3231 461 3277 non
492 3215 532 3277 ab
563 3215 680 3276 iisdem
710 3214 910 3277 adhibentur.
942 3217 1048 3276 Immo
1072 3220 1144 3288 adv)
1168 3217 1335 3277 Aeolicum
1358 3232 1432 3278 osse
1454 3217 1536 3276 satis
1559 3229 1663 3289 super·

397 3331 459 3390 que
493 3317 631 3392 constat,
666 3316 789 3390 passim
820 3316 907 3377 enim
937 3317 970 3376 in
1002 3317 1141 3378 Aeolicis
1170 3319 1392 3379 monumentis
1415 3317 1582 3391 reperitur,
1605 3329 1662 3374 nec

396 3433 459 3478 non
491 3417 524 3477 in
553 3416 749 3478 Thessalicis
779 3418 813 3477 ot
835 3415 987 3492 dypticis.
1012 3419 1119 3478 Etiam
1142 3419 1265 3480 Doricis
1287 3419 1438 3492 gentibus
1460 3419 1494 3478 in
1516 3432 1579 3476 usu
1602 3416 1660 3490 est,

396 3518 453 3578 sed
483 3517 578 3593 poulo
609 3516 703 3577 aliter
728 3517 987 3593 pronunciatum,
1010 3532 1125 3593 nempe
1148 3517 1201 3579 nei:
1226 3519 1480 3593 comparaverim
1504 3513 1597 3576 ἕνεκα
1620 3547 1662 3556 -

396 3616 517 3679 ἕνεκεν.
551 3620 651 3680 Ionici
686 3634 761 3679 voro
795 3621 830 3680 et
859 3620 959 3681 Attici
990 3623 1125 3682 utuntur
1158 3621 1271 3682 vocula
1301 3615 1356 3692 ἄη
1387 3633 1491 3693 nequo
1513 3621 1591 3679 nota
1613 3617 1662 3676 est

396 3720 554 3781 disiectus
577 3721 610 3780 in
633 3735 696 3793 qua
717 3720 900 3795 permixtae
923 3720 1043 3780 inerint
1065 3720 1126 3782 hae
1149 3721 1334 3796 particulae.

440 3819 524 3881 Nem
547 3819 627 3880 nihil
650 3834 757 3880 moror
778 3815 818 3879 in'
834 3819 894 3880 bac
917 3837 952 3881 re
975 3821 1216 3896 inscriptionem
1240 3822 1429 3882 Arcadioam
1452 3819 1535 3879 satis
1558 3833 1659 3878 recen·

396 3924 474 3998 tem,
488 3921 565 3983 (ioli.
586 3921 680 3981 1222.
700 3921 737 3980 In
757 3936 821 3994 qua
839 3937 914 3982 cum
934 3917 971 3980 ἄν
991 3919 1049 4001 (dy,
1068 3919 1119 3999 dp)
1136 3925 1321 3983 constanter
1341 3937 1430 3984 more
1453 3921 1563 3981 Attico
1578 3920 1660 3980 adbi-

394 4022 518 4100 beatur,
537 4025 652 4096 quater
670 4022 809 4097 scriptae
828 4025 944 4084 extant
960 4025 1042 4084 satis
1061 4023 1163 4085 mirae
1185 4024 1316 4085 voculae
1335 4023 1595 4099 1211111Νο1112,
1611 4021 1661 4098 10,

398 4125 449 4200 15,
473 4125 536 4193 25).
568 4123 725 4199 Quartum
755 4124 863 4185 locum
894 4125 1076 4186 exoribam:
1107 4122 1181 4184 κατὰ
1207 4123 1283 4185 αὐτὰ
1306 4121 1339 4184 ai
1361 4122 1411 4185 uei
1434 4125 1576 4183 EIKAN
1596 4125 1661 4196 [ch

394 4221 484 4284 πλέον
506 4219 527 4302 ἢ
550 4223 607 4284 δύο
629 4220 699 4303 ἔργα
721 4219 772 4302 ἔχη
795 4226 856 4285 etc.
880 4224 977 4285 Vides
1000 4227 1033 4284 in
1056 4225 1107 4284 his
1129 4224 1247 4285 litteris
1270 4240 1333 4286 non
1356 4239 1450 4300 posse
1470 4226 1602 4298 cogitari
1622 4224 1661 4283 de

395 4325 479 4384 crasi
503 4324 635 4387 voculae
657 4324 730 4384 nei.
754 4325 816 4386 Sed
839 4323 969 4401 dudum,
991 4339 1043 4384 mo
1061 4324 1174 4401 iudice,
1198 4341 1310 4386 verum
1330 4327 1482 4388 indicavit
1493 4325 1658 4400 Bergkins,

397 4465 590 4474 --.---

430 4529 450 4599 ι)
467 4534 505 4581 Oi.
531 4551 643 4583 onmem
660 4533 674 4581 d
689 4535 737 4583 ’188
755 4537 782 4582 ot
798 4535 815 4582 1.
825 4549 847 4584 a.
864 4537 948 4582 Tiid.
967 4535 1013 4584 Vix
1031 4549 1097 4598 opus
1114 4539 1199 4584 estut
1216 4537 1330 4585 otiamA
1348 4539 1394 4585 801
1413 4537 1533 4584 hocloco
1549 4549 1659 4584 eommo-

394 4616 515 4677 morotnr‚
540 4627 599 4662 nem
624 4614 660 4661 ibi
686 4627 736 4661 non
758 4614 894 4675 legendum
920 4629 977 4663 anso
1001 4617 1069 4676 qnod
1094 4617 1186 4678 optimi
1203 4619 1328 4679 praebent
1350 4617 1454 4665 codices
1471 4625 1516 4664 ιον
1532 4619 1574 4664 οὐκ
1591 4616 1618 4663 ὥ
1637 4631 1658 4662 n

394 4693 472 4758 ,ipone
493 4691 522 4740 ἂν
546 4695 626 4748 iidv,
651 4692 698 4742 aed
723 4693 750 4741 id
775 4695 843 4754 qnod
865 4694 1004 4744 hodiernae
1028 4695 1154 4744 editiones
1171 4696 1293 4745 exhibent
1310 4710 1400 4744 omne·
1417 4698 1537 4754 decide,
1554 4709 1659 4756 prorsus

395 4773 502 4818 concub

429 4846 449 4908 ¹)
466 4849 640 4897 liankeoiannn
657 4863 705 4910 pro
722 4851 747 4897 δ’
765 4849 794 4897 iv
811 4851 890 4900 babet
905 4856 954 4910 pir.
971 4854 1066 4902 Vernm
1084 4853 1150 4901 duco
1167 4855 1195 4902 d’
1217 4853 1252 4902 dr.
