3958 5696
979 649 1043 712 cre
1456 627 1459 632 “
1520 643 1549 716 [s
1573 643 1635 704 nec

415 845 525 920 Neque
548 842 692 904 melioris
714 842 765 902 est
786 841 882 901 netee
904 839 988 913 quod
1010 839 1114 899 tribus
1136 837 1216 899 locis
1234 835 1396 912 parallelis
1414 833 1435 912 β
1456 835 1519 894 105
1537 853 1553 892 τ
1575 833 1635 892 150

372 969 395 1007 α
423 946 486 1007 140
508 945 542 1004 ln
564 943 655 1004 libris
676 941 835 1019 plerisque
859 939 1032 1015 reperitur:

549 1041 647 1121 ἐπὴν
670 1041 776 1115 όαΐόας
798 1045 1017 1120 παραθεῖτο
1040 1037 1232 1116 (θείμην).

371 1145 481 1206 Unum
503 1142 579 1204 ferri
601 1144 709 1218 potest
731 1139 745 1201 ἐ
752 1137 823 1218 πελ,
845 1143 882 1201 ut
904 1142 991 1202 recte
1014 1139 1065 1202 edi
1087 1139 1172 1201 solet
1194 1137 1297 1198 hedis.

415 1245 535 1308 iisdem
558 1243 714 1304 referendi
737 1243 815 1303 sunt
838 1262 854 1301 ο
879 1243 942 1304 587
966 1255 1032 1314 ep:

548 1353 587 1428 τῷ
610 1365 643 1404 κε
665 1342 736 1422 τάχα
759 1341 861 1422 γνοίης
885 1339 1026 1418 φιλότητά
1048 1360 1078 1400 τε
1100 1337 1193 1399 πολλά
1216 1359 1244 1398 τε
1268 1337 1350 1417 όῶρα

550 1441 579 1518 ἕξ
603 1441 683 1523 ἐμεῦ,
704 1441 744 1517 ὡς
767 1439 813 1504 όίν
835 1442 878 1515 τίς
901 1460 933 1504 σε
956 1439 1173 1520 συναντόμενος
1196 1439 1419 1520 μακαρίζοι.

371 1548 485 1611 Deleta
505 1547 665 1626 particule
686 1546 826 1608 moleste
848 1541 887 1605 8ο
910 1545 1100 1622 scripsimus
1123 1541 1152 1617 ἐξ
1175 1539 1292 1622 ἐμέθεν,
1310 1541 1349 1614 ῶς
1369 1539 1412 1613 τίς
1431 1556 1463 1600 οε
1485 1540 1546 1599 etc.

416 1651 526 1726 Neque
545 1643 609 1729 ὄφρ’
632 1645 671 1710 λιν
689 1645 801 1731 ίηοιεν,
819 1641 883 1727 ὄφρ’
916 1643 955 1707 iv
978 1644 1099 1726 ἑλοίμην
1125 1646 1226 1727 ρ288
1247 1667 1270 1706 α
1292 1642 1546 1717 stringendum
1566 1651 1638 1698 esse

371 1755 429 1818 sed
456 1747 520 1834 ὄφρ’
547 1748 687 1834 όνοίμοιεν
716 1751 790 1822 (niel
813 1749 945 1828 gravius
968 1750 1081 1812 subest
1104 1748 1242 1826 vitium),
1266 1739 1332 1828 ὄφρ’
1357 1741 1527 1823 ἀνελοίμην,
1548 1738 1640 1800 docet

371 1856 533 1937 syntaxis,
555 1856 596 1920 ci.
619 1870 690 1934 pag.
715 1854 790 1918 558.

418 2116 524 2178 litium
557 2131 671 2178 versus
701 2115 797 2194 878,
829 2117 868 2178 de
898 2131 960 2190 quo
990 2117 1029 2178 ci.
1060 2131 1131 2192 pag.
1156 2117 1231 2193 588,
1256 2115 1407 2178 hocloco
1430 2115 1481 2175 est
1503 2127 1639 2174 comme

374 2217 560 2292 morundus,
583 2231 643 2277 nec
664 2230 728 2276 non
751 2217 814 2276 huc
837 2216 961 2277 fuciunt
984 2231 1098 2277 versus
1119 2215 1232 2289 quales
1254 2217 1332 2276 sunt
1353 2215 1404 2275 hi:

422 2319 450 2376 Τ
466 2317 547 2378 28οι
568 2313 681 2376 ὅσσοι
700 2309 728 2375 δ’
751 2311 797 2374 ἂν
815 2312 954 2394 πολίμοιο
973 2311 1040 2394 περλ
1058 2319 1209 2396 στυγεροῖο
1228 2313 1380 2392 λίπωνται,

421 2417 447 2476 Ο
471 2417 552 2478 209:
588 2409 719 2477 ὁππότ’
753 2411 799 2476 όν
830 2413 969 2495 ἰσόμορον
1000 2413 1050 2476 καί
1081 2412 1140 2500 όμῃ
1169 2412 1363 2496 πεπρωμένον
1394 2414 1464 2500 αἴσῃ
1484 2408 1490 2497 Ι
1509 2411 1642 2474 νεικείειν

511 2514 629 2602 ἐθέλῃσι
653 2517 703 2590 (ci.
727 2533 798 2593 pag.
824 2518 909 2596 588),

431 2640 447 2678 τ
471 2620 555 2680 206:
580 2617 620 2696 ἦν
641 2613 663 2678 τ’
689 2609 790 2697 Ειόρος
811 2615 975 2696 κατέτηξεν,
997 2615 1094 2696 ίπην
1118 2614 1254 2697 Ζίφνρος
1276 2620 1431 2704 καταχεύῃ,

432 2742 450 2779 κ
473 2721 555 2782 411:
580 2717 727 2791 ἐλθούσας
750 2716 780 2791 ίς
801 2717 925 2798 κόπρον,
947 2714 1046 2797 ἐπὴν
1068 2718 1197 2796 βοτάνης
1218 2717 1407 2799 κορέσωνται,

423 2822 451 2878 Τ
492 2821 552 2881 32:
575 2815 623 2896 ἣν
645 2839 699 2898 περ
721 2817 778 2899 γὰρ
800 2818 889 2897 κῆταί
909 2819 941 2891 ss.
964 2815 1069 2890 κόεταί)
1091 2839 1124 2900 γε
1145 2818 1321 2899 τελεσφόρον
1344 2819 1385 2892 είς
1409 2816 1555 2892 ἐνιαοτόν,

422 2922 454 2979 Χ
473 2921 555 2982 487:
579 2914 626 2996 ἦν
647 2938 702 2999 περ
724 2917 780 2999 γὰρ
802 2916 932 2996 πόλεμόν
954 2941 987 2999 γε
1009 2919 1092 3004 φύγῃ
1115 2919 1307 3000 πολύδακρυν
1330 2923 1461 2999 Ἀχαιῶν,

428 3041 451 3080 π
475 3023 556 3082 276:
580 3015 627 3098 ἦν
649 3039 704 3098 περ
726 3016 776 3079 καλ
798 3017 848 3080 διὰ
871 3019 956 3097 όῶμα
977 3018 1080 3080 ποδῶν
1103 3017 1205 3080 ἕλκωσι
1227 3021 1350 3100 θύραζε,

376 3123 410 3182 in
441 3121 557 3194 quibus
586 3134 666 3180 usus
693 3119 817 3181 dicendi
840 3119 1031 3182 Homericus
1053 3135 1118 3181 non
1141 3122 1274 3194 requirit
1296 3136 1393 3182 voces
1415 3118 1498 3180 5οσοι
1520 3115 1568 3196 ἄν,
1590 3115 1642 3179 ὑπ

376 3215 437 3282 πότ’
469 3217 519 3296 ἄν,
547 3217 632 3298 λιτήν,
662 3217 711 3298 ἢν,
736 3223 793 3284 sed
816 3220 936 3282 suffieit
960 3219 1042 3281 ὅσσοι
1065 3218 1173 3282 ὁππότε
1196 3219 1261 3282 ἐπεί
1281 3221 1308 3282 ελ
1329 3238 1404 3284 curn
1428 3220 1641 3282 subiunctivo.

377 3321 476 3384 (iuius
497 3322 747 3397 mtempserivss
769 3321 953 3396 diligentiae
975 3322 1176 3384 luculentum
1200 3323 1387 3399 exemplum
1411 3323 1504 3383 extet
1525 3322 1642 3396 11458,

376 3423 432 3485 ubi
461 3424 555 3498 poete
584 3423 717 3486 dederet
745 3422 787 3499 id,
814 3424 898 3497 quod
928 3424 962 3483 in
992 3424 1151 3500 plerisque
1174 3424 1264 3486 libris
1287 3424 1517 3499 manuscriptis
1540 3422 1643 3484 adhuc

378 3526 534 3603 legimus:

555 3624 648 3706 αίπίιρ
671 3624 755 3688 ἐπεὶ
779 3625 817 3705 δὴ
839 3625 890 3688 τόν
912 3649 945 3706 γε
968 3627 1060 3714 λίπῃ
1083 3626 1166 3708 ψυχή
1188 3651 1218 3690 τε
1240 3626 1290 3689 καί
1313 3629 1398 3707 αίόν,

379 3730 436 3793 sed
473 3751 542 3810 ,γρ
578 3726 676 3806 λπην
710 3727 769 3807 W
808 3728 991 3790 invenimus
1020 3730 1054 3791 in
1092 3730 1224 3792 scholils
1254 3733 1293 3808 Δ,
1325 3734 1359 3792 et
1388 3731 1422 3792 in
1452 3730 1522 3806 ipse
1551 3732 1643 3792 textu

379 3831 525 3893 codicum
547 3828 628 3891 DGL
650 3829 682 3890 id
705 3830 832 3904 legitur.
856 3828 945 3891 Ocni.
969 3830 1052 3892 inira
1074 3846 1146 3907 pag.
1172 3831 1246 3892 588.

421 4080 552 4140 Minime
587 4095 663 4140 vere
697 4079 877 4153 negligendi
909 4081 987 4139 sunt
1021 4080 1112 4141 nobie
1146 4079 1208 4140 loci
1241 4079 1295 4142 ubi
1329 4076 1367 4139 όν
1400 4075 1460 4158 (ἢν,
1494 4075 1580 4156 hivi
1611 4079 1644 4138 in

376 4179 523 4253 graviore
557 4179 737 4254 conuptels
771 4178 898 4256 legitur,
932 4180 979 4239 its
1012 4180 1049 4239 ut
1083 4181 1233 4240 revocate
1266 4194 1348 4241 sene
1377 4179 1514 4241 lectione
1545 4177 1643 4240 simul

377 4281 551 4342 evanescat
581 4279 739 4355 particula
769 4280 928 4355 suspects.
954 4277 1053 4340 (iuius
1072 4280 1120 4341 rei
1143 4280 1330 4357 exemplum
1353 4280 1585 4357 certissimum,
1608 4279 1644 4340 ut

377 4381 523 4458 arbitror,
557 4381 741 4456 suppeditet
774 4379 937 4441 sententis
966 4381 1058 4441 cuius
1086 4395 1161 4456 pers
1193 4382 1245 4442 est
1276 4395 1388 4442 versus
1418 4381 1549 4457 saepius
1578 4381 1643 4441 iem

377 4483 542 4543 excitatus
565 4482 622 4542 sed
645 4482 749 4543 denuo
771 4495 856 4540 nunc
879 4481 1097 4558 proferendus,
1122 4483 1139 4540 i
1161 4483 1225 4542 858
1248 4497 1334 4557 squ:

597 4589 655 4642 νῦν
678 4575 706 4642 δ’
733 4579 796 4642 ίπελ
819 4579 875 4642 οὐκ
898 4577 991 4642 ίθίλω
1012 4576 1208 4660 πολεμιζίμεί
1225 4579 1345 4661 Ἕκτορι
1370 4581 1434 4666 όίρι,

600 4679 707 4763 οὔριον
733 4679 782 4761 ίρόι
805 4677 856 4741 Ari
879 4678 964 4760 ρόξας
987 4679 1038 4742 καλ
1059 4691 1133 4742 πᾶσι
1155 4686 1264 4760 θεοῖσι,

599 4780 713 4860 νηήσας
737 4778 771 4841 ti
794 4789 879 4859 νῆας,
901 4777 977 4859 incip
999 4780 1090 4843 etsta
1113 4781 1320 4863 προόερόσσοο,
