3880 5726
974 669 1038 730 358
1523 673 1553 744 [ἕ
1578 673 1642 732 145

418 857 560 931 Denique
582 855 732 918 hocloco
754 856 923 918 indicanda
946 859 1024 917 sunt
1047 857 1145 918 verba
1167 871 1304 930 quornm
1334 857 1521 918 terminatio
1545 859 1640 919 modo

373 958 446 1020 -εύο
469 960 521 1020 est
543 960 638 1020 modo
661 955 732 1020 -έινι
1015 958 1019 966 ’

507 1057 602 1140 &zerim
637 1055 737 1139 -ἆχὲεο
760 1059 779 1130 ἓ
802 1059 876 1122 240.

507 1161 616 1222 orreum
639 1157 761 1222 -δινὲοο,

418 1265 470 1326 Sic
504 1263 625 1348 ζητεύῃς
659 1263 736 1324 Hes.
765 1262 821 1338 Op.
846 1264 911 1323 400
946 1264 1071 1340 dicitur,
1107 1263 1203 1342 ζητεῖν
1238 1266 1271 1326 ln
1305 1264 1417 1338 lingua
1452 1266 1640 1342 recentiore,

373 1365 489 1442 ματεύω
523 1364 681 1424 aorlstllm
715 1363 814 1424 habet
847 1380 956 1441 ματησ-
990 1364 1064 1436 (illd.
1099 1365 1118 1434 ὅ
1151 1365 1251 1440 286²),
1283 1363 1451 1443 ἐπιδημεύω
1479 1371 1531 1427 est
1552 1387 1575 1424 rr
1598 1367 1640 1426 28

372 1467 455 1540 quod
489 1463 642 1542 ἐπιδημεῖν
675 1465 787 1525 dicunt
816 1465 1041 1542 Athenienses,
1072 1465 1209 1526 πολεύειν
1239 1489 1256 1544 χ
1280 1467 1343 1526 223
1374 1467 1526 1528 a-radloe
1551 1468 1640 1528 verbi

371 1566 496 1647 κέλομαι
529 1568 599 1629 slve
633 1562 783 1646 νιεολέομοιι
817 1567 845 1638 (5
876 1568 951 1636 215)
983 1567 1079 1628 ducta
1107 1570 1159 1629 eet
1181 1567 1296 1642 torma,
1321 1570 1401 1630 item
1424 1571 1640 1644 compositum

373 1669 586 1749 ἀμφιπολεύειν
609 1692 628 1729 ο
651 1669 779 1746 18,μεο
801 1684 864 1744 quo
887 1665 1066 1747 ἀμφιπολεῖν
1090 1671 1200 1730 dicunt
1220 1671 1378 1732 Pindarus
1402 1673 1435 1732 ei
1456 1672 1639 1746 Sophocles,

373 1772 491 1835 Contra
522 1769 660 1850 ἐμόχλεον
694 1773 735 1830 Μ
766 1773 829 1832 259
866 1772 899 1832 et
928 1767 1060 1830 ἐδίσκεον
1092 1776 1116 1830 il
1150 1771 1211 1832 188
1243 1772 1402 1848 leguntur,
1427 1774 1580 1850 μοχλεύειν
1607 1775 1641 1834 et
1693 1800 1697 1807 ·

372 1873 518 1934 δισκεύειν
548 1873 632 1948 apud
655 1873 858 1934 recentiores.
884 1870 1105 1946 comparanda
1127 1874 1205 1932 sunt
1231 1877 1398 1946 praeterea
1422 1873 1547 1952 δεύομαι
1570 1877 1639 1935 Att

372 1973 486 2053 δέομαι,
532 1971 709 2052 χέω-ἕχευοι
743 1973 761 2043 5
794 1974 866 2048 189,
898 1970 1020 2050 ἆλέομαι
1056 1969 1208 2050 ἠλευάμην
1243 1973 1261 2043 5
1295 1974 1367 2050 180,
1400 1971 1470 2053 ἔμὲοο
1485 1973 1640 2053 -έρευνάω

371 2077 390 2146 i
410 2078 485 2154 264,
507 2077 541 2137 et
563 2077 657 2136 extra
680 2074 858 2135 Homerum
878 2069 1040 2150 ένιιηδεύεο
1064 2074 1104 2134 ab
1127 2074 1286 2136 adiectivo
1309 2071 1447 2152 έπιεηδής
1471 2076 1550 2150 etc.;
1576 2077 1639 2138 vid.

372 2179 472 2239 etiam
495 2177 513 2247 i
541 2177 604 2237 190
627 2176 660 2236 ln
683 2175 756 2237 line.

416 2282 454 2343 In
489 2281 617 2341 diversa
651 2278 799 2340 abierunt
833 2277 946 2339 δοκεύω
981 2277 1140 2339 observare
1174 2280 1208 2340 et
1237 2277 1330 2340 δοκέω
1353 2284 1467 2356 potore
1495 2280 1514 2351 ἓ
1544 2280 1638 2356 19323

371 2383 536 2444 artissime
559 2384 671 2442 temen
694 2382 773 2441 haec
796 2394 921 2454 quoque
946 2380 1043 2442 rerba
1067 2383 1204 2453 cognata
1225 2397 1299 2442 esse
1322 2398 1397 2442 cum
1424 2383 1489 2443 ulia
1519 2387 1638 2444 testan-

371 2487 519 2547 turtum
543 2482 747 2558 participium
772 2479 969 2559 δεδοκημένος
994 2483 1019 2540 Ο
1044 2482 1117 2542 130.

552 2711 555 2738 ³
608 2758 649 2820 II.
687 2757 731 2817 De
750 2756 880 2834 {temone
902 2773 981 2832 quoe
1002 2757 1098 2817 coculi
1119 2757 1282 2819 έέιοεηοέέοο
1304 2763 1395 2820 corel.

414 2991 532 3076 filit.
567 2997 604 3055 In
639 2997 801 3071 praesenti
835 2997 932 3069 atque
965 2996 1153 3071 imperfecto
1184 2997 1380 3070 frequentior
1409 2997 1493 3072 apud
1521 2997 1638 3058 Home-

371 3113 443 3158 rum
467 3109 565 3169 quam
587 3097 619 3156 in
642 3097 753 3169 lingua
779 3097 955 3157 recentiore
977 3098 1029 3155 est
1051 3097 1147 3155 flexio
1171 3111 1253 3169 quae
1277 3101 1366 3156 caret
1390 3098 1492 3157 vocali
1516 3099 1638 3158 thema·

372 3197 438 3256 tica
471 3197 542 3254 sive
573 3195 669 3255 ilexio
703 3196 735 3255 in
767 3219 822 3271 -μι,
854 3193 977 3254 cuncta
1007 3196 1073 3255 iere
1103 3210 1185 3266 quae
1209 3196 1271 3254 huc
1294 3197 1455 3270 pertinent
1477 3199 1642 3269 congessit

374 3300 407 3357 et
429 3298 524 3356 acute
543 3294 719 3355 diudicavit
741 3295 781 3357 Η.
802 3295 836 3356 L.
857 3295 984 3354 Airrens
1003 3295 1035 3354 in
1063 3295 1334 3355 commentatione
1358 3297 1641 3370 praestantissima

374 3397 452 3457 iiber
485 3397 536 3457 die
570 3395 779 3470 conjugation
813 3396 872 3457 aui
898 3418 930 3471 μι
962 3396 1007 3454 im
1039 3395 1271 3456 Homerisclren
1300 3397 1445 3458 Diolekte
1471 3397 1555 3458 1838
1583 3398 1639 3474 (kl.

375 3498 535 3559 Schriften
558 3499 572 3557 I
596 3513 667 3572 pag.
696 3498 822 3568 1-30).

419 3600 614 3660 Praesertim
638 3599 753 3660 notatu
774 3600 888 3672 dignae
911 3600 989 3659 sunt
1012 3599 1134 3660 formae
1159 3599 1261 3660 vocali
1292 3600 1469 3660 thematica
1493 3603 1642 3661 carentes

374 3717 457 3774 quae
490 3700 651 3760 ducuntur
681 3712 701 3758 a
733 3700 838 3759 verbis
868 3699 1052 3772 ceteroquin
1078 3699 1116 3759 ad
1143 3701 1402 3774 coniugationem
1425 3701 1638 3760 thematicam

374 3800 618 3876 pertinentibus
642 3799 738 3859 'l'ales
760 3799 883 3860 formae
906 3800 999 3860 sunt:

509 3897 595 3980 φέρτε
620 3903 639 3959 Ι
663 3902 736 3978 111,
761 3902 790 3962 2.
814 3900 895 3975 plur.
920 3901 1067 3976 imperat.
1091 3915 1195 3975 praes.
1219 3899 1308 3962 verbi
1332 3895 1412 3978 φέρω
1435 3899 1456 3977 5
1479 3903 1553 3963 811.

508 4000 626 4078 ἴδμεναι
652 4007 679 4061 Δ
702 4005 765 4064 345
790 4005 862 4078 otc,
887 4001 974 4065 inlin.
1001 4017 1102 4077 praes.
1128 4003 1216 4063 vorbi
1240 4000 1297 4062 έδω
1320 4001 1339 4078 ,S
1366 4003 1440 4064 soi.

508 4104 630 4164 εάνῦεοι
656 4107 679 4164 Ρ
698 4107 773 4183 393,
799 4108 828 4167 δ.
852 4107 933 4180 sing.
958 4106 1021 4166 ind.
1045 4122 1149 4181 praes.
1173 4121 1260 4181 poss.
1285 4106 1372 4167 verbi
1401 4105 1499 4166 τανύω
1521 4107 1542 4181 μ’
1565 4108 1640 4168 ilis.

510 4203 626 4284 δέχᾶεοιι
649 4208 691 4265 Μ
713 4209 785 4280 147,
810 4209 839 4268 8.
864 4207 946 4281 plur.
970 4205 1033 4267 md.
1057 4221 1161 4281 praes.
1188 4208 1275 4268 verbi
1298 4204 1418 4284 δέχομαι
1441 4205 1461 4282 ᾗ
1486 4208 1560 4268 227.

421 4308 513 4368 Aliae
544 4309 677 4384 formae,
701 4324 783 4382 qnae
806 4310 869 4368 huc
901 4307 1084 4370 referendae
1107 4313 1194 4379 sunt,
1218 4310 1250 4369 in
1274 4307 1293 4385 ᾖ
1320 4310 1381 4369 195
1406 4309 1641 4371 indicabuntur.

421 4412 458 4473 In
494 4411 615 4471 aoristo
645 4411 785 4472 secundo
815 4411 927 4472 eadem
961 4411 1093 4471 libertas
1117 4410 1257 4486 obtinet;
1289 4410 1438 4485 exemplo
1462 4411 1506 4470 sit
1529 4412 1640 4473 aoristi

377 4511 482 4573 ἔκλυον
504 4513 718 4587 imperativus
739 4515 830 4572 κλῦθι
852 4515 937 4571 κλῦτε
959 4509 979 4588 ξ
1004 4512 1090 4573 149⁵.

422 4617 556 4676 Inversa
586 4616 695 4674 autem
731 4615 855 4674 ratione
888 4613 971 4688 apud
1008 4613 1186 4674 Homerum
1217 4613 1257 4673 ad
1288 4613 1461 4673 flexionem
1484 4615 1639 4676 themati·

378 4732 450 4777 cam
485 4716 647 4790 pertinent
681 4714 804 4775 formae
838 4713 1020 4788 nonnullae,
1056 4728 1137 4786 quae
1172 4715 1205 4774 ln
1233 4713 1372 4774 dictione
1403 4715 1512 4774 Attica
1538 4715 1639 4776 vocali

378 4817 555 4878 tlrematica
578 4818 699 4876 carent.
724 4815 758 4876 Ε.
782 4830 830 4888 g.:
