3934 5706
346 776 364 845 Β
387 776 441 846 40]
942 775 1003 834 137

346 959 486 1019 absurda
508 960 605 1032 atque
628 959 759 1032 ludicra,
781 991 821 1002 -
845 959 879 1017 11
902 956 1042 1031 plurima
1064 957 1206 1031 proiecto
1228 957 1356 1017 insunt!
1380 989 1420 1001 —
1445 957 1613 1018 1111111-

346 1059 502 1132 cuiusque
531 1058 641 1119 oculos
667 1058 782 1118 statim
813 1057 942 1132 renunt,
966 1056 1006 1116 ad
1031 1055 1180 1116 homines
1202 1054 1301 1116 sobrii
1324 1055 1433 1117 iudicii
1461 1055 1612 1128 repellen-

346 1160 404 1220 dos
437 1159 618 1233 aptissima.
653 1160 726 1233 Ipse
760 1158 876 1218 titulus
911 1157 1033 1226 111111ς
1074 1177 1125 1214 aar
1163 1156 1321 1216 iodvooaa
1352 1156 1455 1216 nsum
1490 1159 1611 1218 moret.

347 1259 493 1321 Wilwias
524 1260 579 1321 illa
613 1260 719 1336 ,ebria
751 1259 898 1319 veratro”
933 1257 966 1318 in
998 1257 1199 1318 contemtum
1231 1257 1365 1316 adduxit
1391 1257 1471 1318 haec
1493 1257 1610 1317 studia.

347 1361 501 1422 Sordebat
531 1361 595 1420 iarn
627 1361 793 1436 digamma
826 1359 1099 1436 ,Britannicum‘',
1124 1361 1157 1418 et
1180 1359 1356 1419 verendum
1380 1359 1549 1419 videbatur
1571 1373 1612 1419 no

345 1464 440 1523 ludus
471 1461 623 1536 iocosque
653 1462 746 1524 lieret
775 1477 860 1522 nova
885 1461 951 1521 ista
973 1461 1142 1535 sapientia,
1165 1474 1248 1534 quae
1274 1459 1501 1521 vocabulorum
1524 1475 1611 1534 pars·

345 1566 395 1626 ret
423 1565 573 1638 portenta
599 1564 708 1639 qualia
731 1565 809 1625 sunt
838 1563 988 1639 ῖφθῖμο1ς
1010 1561 1491 1640 ποο1χας,αχοι1ο1ς,εφι11νς,
1513 1561 1613 1638 δούς,

346 1665 500 1738 Frtdrofo,
530 1665 657 1738 aliaque
687 1666 719 1726 id
743 1681 845 1739 genoe
869 1665 1031 1726 sexcenta.
1055 1663 1156 1725 Aceto
1179 1679 1242 1725 non
1266 1665 1437 1739 captantur
1460 1678 1610 1738 muscae;

345 1767 404 1828 hoc
427 1766 559 1828 demum
584 1767 686 1830 senile
709 1771 780 1830 crat
801 1768 975 1830 ludibrium
999 1767 1061 1827 viri
1082 1767 1170 1829 acuti
1193 1767 1249 1828 sed
1272 1766 1347 1828 huic
1369 1766 1458 1842 operi
1480 1781 1611 1843 prorsus

345 1870 488 1944 imparis.

389 1971 442 2032 Sic
471 1971 596 2048 lumini,
627 1973 710 2046 quod
740 1972 908 2034 Bentlelus
933 1974 1132 2048 accenderat,
1156 1973 1267 2033 sumus
1289 1974 1547 2033 commentomm
1572 1973 1611 2032 da

345 2073 445 2135 nihilo
465 2071 612 2134 tlctorum
637 2075 741 2136 denuo
761 2074 1046 2150 praetendebatur;
1065 2075 1095 2135 is
1114 2075 1235 2150 autem,
1256 2075 1310 2147 qul
1329 2074 1447 2135 librum
1468 2073 1610 2148 spissum

345 2176 500 2236 deversa
520 2176 646 2239 heroico
665 2192 749 2238 anno
772 2177 856 2239 1816
876 2191 1008 2251 operose
1027 2175 1226 2252 conscripsit,
1248 2175 1438 2236 Francisous
1454 2175 1611 2250 spitzner,

344 2291 421 2336 vera
443 2290 464 2335 1
486 2276 578 2336 falsis
600 2279 780 2338 discernere
803 2293 867 2338 non
887 2277 1001 2352 potuit,
1021 2277 1078 2336 sed
1102 2277 1286 2353 ,digamma
1305 2275 1456 2356 litteram,
1469 2276 1610 2336 Homero

347 2376 572 2453 ,incognitam
597 2378 724 2438 hiatum
747 2393 824 2438 vero
845 2393 909 2439 usu
930 2377 1156 2440 vetustissimo
1175 2394 1237 2439 non
1256 2377 1464 2438 interdictum
1485 2378 1608 2437 fuisse’

343 2476 484 2552 profiteri
506 2493 569 2539 non
593 2479 753 2541 dubitavit
775 2478 808 2557 ¹),
835 2513 875 2524 -
900 2495 1014 2540 omnes
1044 2479 1198 2538 nimirum
1223 2479 1340 2551 ubique
1363 2479 1510 2540 serendos
1533 2477 1609 2538 iudi·

343 2592 421 2637 cane
450 2577 560 2638 hiatus
590 2581 673 2651 quod
703 2581 802 2640 certis
831 2580 1015 2640 hexametri
1046 2579 1177 2640 sedibus
1200 2595 1257 2640 eos
1280 2594 1300 2638 a
1321 2579 1425 2652 poetis
1448 2578 1610 2639 admissos

344 2691 416 2736 asse
437 2676 649 2767 ,111111181111
679 2681 712 2739 11
742 2681 865 2740 temera
896 2694 916 2738 a
946 2679 1067 2740 criticis
1097 2678 1253 2752 expletos.
1278 2679 1339 2739 Hic
1361 2677 1502 2751 proiecto
1524 2675 1610 2735 ο1νοο

344 2775 490 2854 παρόντος
514 2773 581 2850 ὅξος
602 2775 723 2857 ἠράσθη
747 2782 835 2844 πιεῖν.

387 2879 432 2938 Α1
463 2893 582 2953 magna
618 2881 670 2941 est
704 2881 755 2942 vis
786 2879 950 2954 veritatie;
982 2879 1109 2940 semina
1139 2880 1256 2954 frigore
1286 2879 1418 2940 hiberno
1449 2877 1609 2954 torpentia

342 2995 405 3040 non
438 2983 583 3056 pereunt,
614 2983 670 3044 sed
698 2983 785 3044 ueris
808 2983 841 3044 et
865 2980 985 3043 favonii
1008 2983 1135 3056 gratam
1160 2981 1266 3043 vicem
1289 2983 1470 3056 expectant.
1495 2979 1609 3041 Editio·

342 3096 418 3142 nem
438 3081 646 3145 Homericam
663 3085 772 3146 littera
787 3084 811 3143 1
829 3083 1034 3161 instructam,
1058 3099 1156 3158 quam
1176 3099 1277 3144 senex
1297 3082 1464 3144 Bentleius
1483 3083 1608 3144 inchoo·

344 3186 444 3260 verat,
476 3201 576 3246 senex
608 3187 782 3262 Knightlus
809 3189 1025 3249 tumultuaria
1052 3203 1148 3264 opera
1170 3203 1230 3248 nsc
1253 3187 1323 3248 sine
1346 3187 1502 3248 bonarum
1527 3187 1609 3247 litte·

342 3301 451 3346 rarum
486 3288 681 3350 detrimento
716 3290 907 3367 coniecerat,
942 3305 1044 3350 senex
1079 3290 1223 3364 suscepit
1258 3289 1440 3350 immanuel
1472 3287 1608 3364 Beklrer,

343 3387 450 3448 Woldi
479 3389 664 3464 discipulus.
697 3391 755 3468 Qui
787 3407 861 3452 curn
894 3406 979 3452 anno
1011 3392 1096 3452 1858
1126 3391 1272 3468 Iliadem,
1296 3392 1371 3452 rante
1396 3389 1609 3464 1111111111-

343 3493 447 3554 decim
479 3509 498 3554 a
529 3508 564 3554 se
595 3495 727 3572 editam,
758 3511 823 3556 una
853 3511 929 3556 cum
959 3495 1105 3570 Odyssea
1134 3496 1237 3556 denuo
1267 3496 1519 3570 recognosceret,
1548 3493 1605 3569 ,di

343 3609 476 3668 gamma
498 3597 629 3656 reduxit
651 3600 808 3670 quantum
833 3599 960 3674 poterat
983 3599 1016 3659 et
1035 3598 1185 3674 licebat”,
1206 3597 1344 3672 vestigia
1364 3596 1461 3671 igitur
1480 3595 1610 3672 Heynii,

343 3697 394 3757 cui
424 3697 551 3758 iuvenis
582 3699 750 3761 oblocutus
781 3701 896 3778 iuerat,
920 3700 981 3761 sub
1006 3701 1092 3761 vitae
1116 3699 1213 3761 linem
1237 3701 1307 3774 ipse
1329 3699 1450 3773 legens.
1475 3699 1546 3760 Non
1571 3699 1610 3758 ab

342 3799 431 3858 omni
461 3801 552 3872 parts
584 3801 666 3860 satis
694 3801 890 3877 probabilem
922 3818 994 3862 esse
1026 3803 1196 3878 rationem,
1228 3816 1325 3874 quam
1353 3801 1386 3861 in
1411 3801 1611 3861 restituendo

342 3899 505 3973 digammo
529 3899 695 3962 Belrlrsrus
718 3905 850 3962 secutus
871 3903 986 3978 111111,
1006 3902 1097 3962 nihili
1118 3903 1204 3962 enim
1225 3902 1347 3962 formae
1367 3916 1439 3962 esee
1459 3897 1610 3978 ἐφήνδανε

341 3995 451 4078 troppo
474 4002 508 4060 et
530 4001 662 4077 similia,
686 4018 767 4076 quae
785 4003 837 4064 hic
856 4003 922 4064 illic
941 4004 1128 4064 excudenda
1147 4005 1326 4078 curaverat,
1346 4003 1610 4064 demonstrarunt

342 4101 379 4160 A.
404 4101 540 4162 Leaklen
567 4103 662 4179 1866,
688 4103 896 4166 cousulant
925 4106 957 4165 in
982 4105 1191 4179 Mnemosyne
1214 4121 1244 4180 p.
1270 4105 1332 4165 201
1358 4119 1426 4177 sqq.
1452 4105 1607 4164 Attamen

341 4203 372 4263 in
403 4219 481 4264 suas
511 4205 605 4266 aedes
635 4206 767 4268 tandem
791 4207 961 4282 aliquando
985 4207 1118 4269 reducta
1137 4207 1207 4269 erat
1230 4205 1362 4267 Aeolica
1385 4220 1467 4280 quae
1490 4205 1607 4266 dicitur

341 4304 459 4381 littera,
482 4320 545 4366 non
568 4307 601 4367 in
625 4309 850 4370 annotationes
873 4309 1031 4384 relegata3
1060 4310 1193 4370 reducta
1220 4311 1331 4368 eutem
1352 4325 1369 4368 e
1390 4307 1484 4381 longo
1513 4308 1609 4368 exilio

341 4406 411 4464 erat
441 4420 504 4465 non
527 4421 547 4466 a
569 4407 742 4468 temerario
773 4409 880 4483 aliquo
904 4411 1034 4471 homine
1057 4424 1215 4469 novarum
1240 4423 1348 4468 rerum
1372 4408 1527 4484 studioso,
1552 4410 1608 4469 sed

341 4505 381 4566 ab
405 4505 460 4567 llio
484 4507 554 4567 viro
577 4523 640 4581 quo
662 4524 759 4570 nemo
781 4511 890 4584 plures
913 4512 1087 4584 scriptores
1113 4511 1253 4572 Graecos
1278 4510 1430 4570 ediderat.

384 4609 520 4669 Interim
549 4611 747 4684 comparatio
777 4611 961 4686 linguarum
994 4613 1203 4686 cognatarum
1228 4613 1261 4672 et
1284 4611 1455 4672 emendata
1478 4609 1609 4672 omnino

341 4711 421 4772 artie
445 4713 677 4786 grammaticas
701 4713 783 4774 ratio
806 4727 925 4774 novam
949 4714 1054 4776 lucem
1080 4714 1155 4775 huic
1178 4729 1303 4788 quoque
1324 4713 1393 4774 loco
1416 4712 1607 4789 attulerunt

376 4929 396 5000 ¹)
411 4933 472 4996 Peg.
492 4935 553 4994 1475
570 4935 638 4984 coni.
655 4935 717 4986 ibid.
736 4949 760 4999 p.
781 4937 837 4986 110.
