3848 5688
989 667 1074 784 ιο
1571 725 1643 795 ce

380 911 429 970 bis
459 911 542 971 alise
574 913 755 972 deflectitur
780 906 818 986 Ι);
850 911 1028 986 comparari
1060 911 1158 983 igitur
1180 913 1317 984 possunt
1338 911 1486 970 Atticum
1509 909 1644 987 ι’σχιᾶνιιι

379 1017 445 1086 (Ar.
475 1013 555 1074 Bon.
587 1015 663 1082 941)
697 1015 731 1073 et
762 1013 893 1088 similia,
924 1028 1006 1086 quse
1034 1012 1247 1071 Athenienses
1270 1011 1420 1070 dicebant
1441 1013 1499 1071 aut
1521 1012 1642 1072 dixisse

377 1117 534 1191 teruntur,
565 1116 653 1189 ipsos
683 1116 769 1175 enim
801 1115 1035 1188 grammaticos
1066 1113 1231 1172 dubitasse
1262 1113 1355 1171 utres
1386 1112 1509 1172 tormse
1538 1113 1643 1186 magis

377 1219 506 1280 sttieee
528 1217 640 1278 essent
661 1218 739 1276 nota
761 1231 814 1276 res
837 1219 905 1290 est;
929 1216 969 1276 ot.
994 1214 1118 1276 Inbecir
1142 1213 1312 1288 Phrynicb.
1336 1229 1366 1289 p.
1393 1216 1434 1274 24
1460 1230 1530 1288 sqq.
1552 1211 1589 1284 ²).

421 1421 536 1497 Aipba,
571 1421 656 1493 quod
688 1435 749 1481 eus
780 1421 898 1480 natura
927 1419 1059 1494 longum
1091 1421 1152 1496 est,
1188 1419 1221 1478 in
1244 1417 1425 1478 Homericis
1447 1419 1536 1480 reddi
1559 1419 1644 1480 solet

377 1523 480 1585 vocali
503 1545 533 1600 η.
558 1522 593 1584 Ε.
618 1537 667 1596 ga

754 1619 877 1699 πρήσσω
965 1622 1073 1682 Attice
1140 1613 1265 1698 πρᾶπω.

754 1721 861 1800 πρῆξις
1016 1769 1030 1798 s
1140 1720 1254 1799 πρᾶξις·

752 1820 866 1901 &vedum
1019 1871 1033 1900 „
1144 1813 1266 1881 ἆνιᾶσω.

752 1922 876 2004 drappis
1018 1974 1033 2003 „
1145 1922 1275 2004 ἆνιᾱρός.

420 2030 557 2091 itultum
591 2033 702 2090 tamen
736 2029 830 2091 ebest
860 2031 898 2088 ut
929 2029 981 2090 lex
1012 2030 1091 2090 baec
1122 2029 1166 2089 sit
1195 2029 1365 2102 constans3
1394 2029 1496 2086 immo
1519 2029 1643 2088 temere

374 2131 498 2205 passim
521 2131 689 2204 migretur.
716 2129 925 2204 Repugnaut:

419 2231 557 2291 Nomina
585 2231 713 2305 proprie
747 2230 904 2290 feminina
937 2221 1007 2288 Λᾶἑι
1041 2231 1066 2287 Β
1100 2231 1174 2304 585,
1199 2218 1370 2305 Nascentis,
1385 2223 1461 2287 ‘Pete
1487 2230 1536 2302 (l),
1568 2220 1643 2285 Φειὰ

375 2333 410 2389 H
441 2332 515 2406 135,
547 2332 581 2390 et
611 2329 844 2403 appellativum
867 2320 927 2387 ueri
949 2329 1000 2397 (ci.
1025 2329 1044 2396 s
1068 2329 1131 2402 54),
1155 2328 1238 2400 quod
1262 2329 1295 2386 in
1319 2327 1507 2402 compositis
1531 2327 1643 2385 temen

375 2429 412 2491 fle
434 2427 525 2507 etp:
550 2425 706 2507 promer,
728 2425 900 2506 Λευκοθέη,
922 2425 1015 2506 recep
1039 2431 1080 2500 (A
1102 2430 1165 2499 ee).

419 2532 596 2594 itesculina
626 2529 758 2608 Λὶνείᾱς,
790 2528 930 2610 Atreias,
956 2524 1095 2607 Ἑρμείᾱς
1129 2530 1180 2600 (ci.
1208 2531 1226 2598 ἓ
1251 2531 1321 2604 54);
1354 2529 1406 2588 bie
1441 2528 1506 2588 illic
1530 2530 1641 2588 tamen

374 2635 454 2698 locis
477 2634 636 2710 corruptis
658 2631 711 2694 vel
736 2633 855 2708 spuriis
878 2633 1035 2708 reperitur
1051 2625 1180 2710 Ἑρμὲης
1203 2631 1273 2692 eive
1290 2625 1403 2710 Ἑρμῆς
1426 2631 1477 2701 (cl.
1501 2631 1519 2700 s
1543 2630 1606 2700 58).

415 2733 487 2808 λᾱός
510 2751 587 2796 cum
609 2733 799 2810 compositis
821 2733 986 2811 Λᾶοδάμας
1009 2733 1185 2811 Λᾱοδάμεια
1212 2730 1349 2810 Λᾱοδίκη
1372 2729 1530 2804 Λᾱόδοκος
1560 2737 1642 2791 sleo-

373 2835 435 2916 etp
455 2833 623 2916 Aeopttev
644 2831 782 2915 Λᾱέρκης
811 2831 947 2914 Λᾱὲρτης
965 2832 1268 2914 λᾱοσσόοςλᾶοφόρος
1281 2830 1412 2912 sybeos
1424 2829 1587 2904 Μενὲλᾱος.
1599 2866 1642 2875 -

373 2940 529 3000 Attamen
560 2937 684 2999 vocalis
716 2959 735 3013 η
765 2937 923 3011 reperitur
953 2936 987 2996 in
1017 2934 1140 3013 Λήιτος,
1170 2937 1203 2996 et
1232 2951 1338 2996 errore
1360 2935 1547 3010 posterioris
1569 2935 1641 2994 aevi

372 3041 506 3101 evanuit
539 3054 557 3099 e
591 3038 776 3099 nominibus
805 3035 984 3116 Λειώκριτος
1025 3039 1059 3098 et
1091 3037 1239 3115 Λειώδης,
1279 3038 1340 3111 leg.
1377 3035 1543 3116 Ληόιιριιος
1583 3037 1640 3096 aut

372 3139 538 3220 Λαόιιριιος
568 3143 591 3212 ³)
622 3144 656 3202 et
695 3139 826 3218 Ληώδης
860 3140 912 3201 vei
945 3140 1053 3216 potius
1086 3139 1261 3219 Aeofddpr.
1293 3174 1333 3184 -
1366 3141 1482 3201 Poetae
1516 3140 1642 3199 Ionicos

407 3297 427 3365 ¹)
444 3301 515 3348 Hero
540 3303 626 3347 tamen
652 3311 714 3346 casu
737 3299 785 3346 baa
805 3299 901 3346 iormaa
922 3301 948 3345 in
966 3302 1065 3346 textum
1082 3300 1246 3347 Homericum
1264 3301 1399 3358 irrepsisse
1417 3312 1449 3345 ea
1468 3298 1579 3344 dialecto
1596 3298 1639 3343 st-

372 3379 431 3440 uer,
456 3391 515 3426 cnm
541 3378 599 3425 alita
624 3377 688 3424 locia
713 3376 849 3436 permultis
875 3379 991 3424 serratas
1012 3379 1065 3424 aiut
1088 3378 1185 3424 termae
1207 3378 1317 3432 Ionicae,
1334 3377 1397 3423 satis
1415 3379 1513 3424 certum
1531 3375 1639 3422 ridetur.

373 3455 504 3502 Hactenus
529 3455 608 3514 igitur
632 3455 787 3502 assentimur
813 3454 909 3502 Oobeto
935 3454 1057 3502 Haemos.
1083 3455 1118 3501 11
1141 3467 1166 3514 p.
1185 3457 1232 3502 tu
1257 3454 1392 3501 scribenti:
1413 3467 1477 3509 ,non
1501 3455 1541 3500 est
1558 3453 1640 3499 torma

374 3534 448 3595 spica
468 3531 592 3600 ipdpsre’'.

405 3610 427 3678 ἱ)
445 3613 592 3674 Bragmann
617 3611 719 3661 Grieob.
744 3612 903 3660 Grammatik
923 3614 937 3672 5
955 3614 987 3660 ee
1004 3613 1071 3660 hano
1087 3625 1142 3660 rem
1159 3613 1195 3660 ita
1215 3614 1319 3673 expedit
1334 3617 1364 3660 nt
1380 3613 1450 3659 dicat
1466 3613 1574 3659 termam
1591 3604 1640 3670 eric,

371 3705 402 3739 ea
419 3685 474 3748 edre
490 3695 584 3752 natam,
602 3692 706 3751 longum
723 3704 799 3738 sunm
817 3692 895 3752 aipba
908 3693 964 3754 port
982 3692 1026 3738 iila
1044 3695 1160 3752 tempora
1178 3693 1281 3739 demum
1300 3693 1431 3752 accepisse
1454 3691 1548 3751 quibus
1565 3702 1639 3736 roca·

371 3771 422 3818 iem
438 3781 454 3818 e
472 3771 498 3818 in
517 3790 530 3832 p
546 3771 682 3818 accubant
698 3770 775 3817 Iouea
793 3777 819 3818 et
837 3771 922 3829 Attici,
939 3772 1062 3818 acrisium
1081 3783 1141 3818 rero
1159 3775 1329 3831 heeraecsprp
1345 3774 1400 3818 asts
1419 3770 1483 3816 iliud
1505 3782 1596 3816 serum
1613 3769 1639 3814 iu

370 3853 524 3910 δοιιιοᾱνάμιςο
548 3853 575 3896 et
592 3850 652 3896 binc
669 3849 695 3896 in
713 3853 867 3910 trerrpcpp
884 3849 988 3896 abbaso.
1007 3850 1128 3909 Speciosa
1145 3862 1207 3897 saue
1225 3850 1370 3909 explicatio,
1393 3851 1434 3896 cni
1452 3853 1537 3895 umen
1554 3847 1639 3894 minus

371 3927 456 3974 tavers
477 3928 579 3974 videtur
599 3927 688 3986 lingua
713 3927 826 3985 Homeri,
849 3931 918 3974 certe
941 3924 1043 3986 qualem
1061 3941 1092 3974 ex
1112 3927 1184 3973 libris
1203 3941 1259 3975 eam
1277 3929 1406 3982 sommus,
1425 3927 1451 3973 in
1468 3927 1509 3973 bis
1527 3926 1595 3972 enim
1614 3929 1640 3972 et

368 3997 410 4060 «ἐς
426 4005 520 4064 iegitur
536 4009 563 4052 et
579 4005 668 4052 aoriatl
684 4005 763 4052 sileae
780 4005 884 4070 pulpum
903 4005 973 4069 ὄρσαι
991 4009 1039 4052 etc.
1058 4006 1230 4065 reperiuntur,
1248 4008 1274 4051 et
1291 4006 1345 4052 reri
1362 4006 1441 4064 lpum
1458 4009 1498 4052 est
1515 4006 1639 4052 dissimile

369 4082 477 4130 aoriatos
494 4085 554 4143 iiie«
572 4087 676 4147 καθῆραι
694 4085 743 4130 eto.
762 4085 846 4130 eetate
864 4096 987 4142 asperare
1010 4083 1149 4130 namuri
1174 4082 1282 4130 termam
1300 4076 1347 4137 ede.
1364 4084 1391 4130 st
1408 4083 1441 4130 de
1457 4083 1520 4130 aclis
1537 4083 1640 4130 acrbtis

370 4159 397 4206 in
421 4167 484 4220 -llm
510 4163 638 4222 ageretur,
666 4160 741 4207 tacite
767 4161 989 4221 acquiesceremus
1012 4161 1037 4208 in
1055 4161 1212 4220 Brugmanui
1232 4161 1359 4223 opinione,
1378 4161 1426 4208 bos
1442 4163 1510 4208 euim
1529 4161 1588 4208 iude
1606 4161 1639 4208 ab

369 4239 554 4300 antiquissimis
579 4241 739 4302 temporibus
761 4239 786 4287 in
813 4240 921 4288 Graecia
947 4241 1057 4288 litteram
1085 4241 1167 4300 sigma
1193 4241 1310 4287 emisisse
1335 4241 1458 4288 credibile
1481 4244 1534 4296 oet;
1552 4240 1598 4287 sed
1616 4242 1638 4288 si

370 4319 534 4368 Homericum
557 4323 597 4368 est
612 4319 690 4386 ὄρσαι,
713 4319 790 4368 etiam
809 4321 919 4368 termam
938 4324 1058 4386 καθάριοι
1074 4321 1143 4369 band
1159 4321 1195 4367 ite
1209 4320 1254 4367 diu
1271 4323 1329 4368 auto
1347 4325 1459 4369 actatum
1477 4321 1639 4369 Homericam

369 4397 396 4446 in
426 4398 557 4446 bominum
587 4411 632 4446 ore
664 4399 788 4460 extitisse,
813 4401 922 4447 tortame
948 4401 997 4460 ipsi
1019 4413 1123 4460 quoqne
1147 4401 1259 4447 Homero
1285 4401 1448 4448 tribuendam
1475 4415 1541 4458 esse,
1569 4402 1639 4448 baud

368 4476 455 4537 inepte
472 4478 602 4525 statueris.
619 4479 693 4525 Licet
710 4481 795 4525 umen
814 4480 850 4526 tta
867 4480 905 4525 nti
923 4479 1080 4539 Bmgmanni
1102 4479 1287 4540 observatione,
1306 4485 1335 4526 ct
1352 4481 1384 4526 ad
1402 4480 1471 4526 solos
1488 4481 1596 4526 aoristos
1612 4481 1638 4526 in

369 4561 432 4615 ιηοιιι
456 4551 552 4620 (neque
579 4556 635 4617 ipae
660 4557 693 4604 de
720 4557 777 4604 aliie
803 4558 819 4604 l.
837 4559 854 4604 Ι.
877 4558 1000 4618 loquitur)
1024 4573 1080 4606 eam
1104 4559 1232 4618 pertinere
1250 4559 1374 4618 dicamus,
1392 4561 1424 4606 ad
1443 4561 1534 4606 borum
1552 4561 1638 4606 cutem

368 4633 512 4694 analogiam
538 4635 660 4683 tormatca
684 4649 741 4684 sese
765 4635 874 4684 acrisios
895 4637 1010 4684 radicum
1029 4639 1055 4685 in
1072 4642 1085 4685 i
1103 4638 1143 4684 rei
1161 4655 1175 4700 p
1193 4638 1350 4699 exeuntium,
1368 4638 1429 4684 dum
1448 4639 1473 4684 in
1491 4637 1639 4684 desuetudi-

369 4725 427 4760 nero
445 4713 551 4760 abibant
569 4715 667 4762 termae
685 4715 711 4762 in
729 4719 785 4762 ιιιιιι
802 4719 828 4763 et
844 4731 901 4780 -pea
920 4711 964 4780 (ot.
981 4716 1043 4764 ibid.
1061 4718 1075 4776 5
1094 4713 1161 4781 ter).

404 4787 424 4852 ¹)
443 4791 541 4840 Revera
565 4794 696 4860 Λιιόιιριτος
718 4791 862 4854 Penelopes
884 4794 926 4842 bio
948 4807 1043 4856 procus
1060 4799 1166 4843 vocatur
1184 4795 1209 4841 in
1227 4795 1379 4856 fragmentis
1396 4796 1531 4845 Sabaiticis
1546 4796 1637 4844 biblio·

368 4869 458 4921 tbecae
473 4870 633 4936 Apollodori,
652 4871 703 4920 vid.
723 4871 813 4922 libein,
831 4873 896 4921 lina.
916 4875 979 4923 teet
997 4887 1022 4936 p.
1042 4875 1098 4923 ite.
