3952 5700
296 806 313 874 5
339 807 391 876 17]
912 803 954 864 85

296 986 465 1060 quentius;
496 984 634 1046 dicimus
661 985 830 1046 nominum
862 986 1097 1058 verborumque
1127 984 1259 1060 formas,
1290 983 1324 1044 in
1353 985 1471 1058 quibus
1500 1001 1564 1048 cor·

297 1087 387 1160 repta
422 1087 474 1146 est
511 1085 636 1160 syllaba
670 1100 753 1160 quae
785 1085 947 1161 praecedit
977 1085 1126 1146 ilexionls
1155 1084 1349 1160 terminum
1381 1083 1566 1147 huiusmodi

297 1189 407 1248 autem
429 1187 574 1262 syllabae
596 1203 660 1248 non
689 1187 899 1263 designantur
925 1187 1021 1262 longa
1047 1187 1151 1248 vocali
1171 1186 1223 1248 vel
1241 1187 1438 1263 diphthongo
1466 1203 1565 1261 quam

296 1289 455 1364 propriam
487 1288 616 1365 habent,
648 1289 704 1350 sed
735 1289 838 1350 vocali
870 1290 960 1350 brevi
984 1293 1049 1359 (αι
1073 1293 1153 1364 ου),
1178 1303 1281 1364 neque
1311 1288 1410 1363 igitur
1436 1289 1564 1349 aurium

297 1392 425 1451 tantrrrn
459 1391 644 1451 discrimine
678 1391 735 1452 sed
765 1391 868 1452 oculis
897 1405 1023 1465 quoque
1053 1391 1238 1466 agnoscitur
1261 1405 1374 1451 earum
1397 1391 1564 1466 correptio.

299 1491 418 1553 Omnes
440 1493 506 1554 iere
528 1493 562 1552 in
585 1493 731 1568 linguam
754 1493 942 1554 recentioris
962 1493 1034 1553 aevi
1053 1492 1251 1554 transierunt
1269 1494 1328 1554 aut
1347 1491 1566 1554 contractione

299 1593 403 1668 magis
426 1595 526 1657 etiam
549 1596 627 1656 sunt
652 1597 810 1657 mutatae.
834 1596 868 1658 ll.
893 1609 958 1670 ga:

340 1692 474 1769 ἕσιᾶόιος
490 1711 546 1773 pro
562 1693 726 1775 ἕσιηόιοςὲ
741 1699 813 1759 160.
881 1694 1003 1777 χρύσεος
1027 1713 1083 1772 pro
1105 1695 1238 1777 χρύσειος
1282 1698 1300 1768 5
1346 1699 1398 1758 61.

340 1794 409 1871 νέας
451 1809 462 1818 “
510 1845 523 1876 ,,
561 1805 636 1876 νῆας
707 1801 725 1870 5
762 1801 813 1861 75.
881 1794 998 1878 βαθέης
1055 1845 1069 1878 „
1106 1798 1234 1879 βαθείης
1279 1800 1298 1870 5
1345 1801 1396 1861 lo.

335 1896 436 1977 ’Ἄρεος
512 1896 664 1978 Ι,Ἄρηος
708 1901 727 1970 5
762 1902 813 1961 73.
881 1896 949 1978 epto
1054 1893 1069 1975 ,
1106 1898 1184 1977 ἐμεῖο
1281 1902 1300 1970 5
1345 1901 1398 1960 92.

342 1996 391 2071 ίιίς
513 2047 527 2076 ,
564 1995 621 2076 ἠύς
707 2002 726 2070 5
761 2002 812 2060 75.
880 1997 947 2070 νεός
1054 2045 1068 2076 „
1105 1998 1184 2072 υειίς
1281 2001 1299 2070 5
1344 2001 1397 2060 88.

343 2096 458 2178 Πηλέος
513 2146 527 2176 „
566 2101 726 2178 Πηλῆοςὲ
762 2102 812 2162 76.
882 2098 916 2160 b'o
1055 2145 1068 2176 ,
1106 2092 1153 2160 οίο
1281 2101 1299 2170 5
1345 2101 1397 2161 59.

343 2196 423 2260 ἴαται
515 2247 529 2277 „
570 2199 658 2278 ἥαααι
709 2202 815 2271 5220.
883 2200 1025 2277 φυσίζοος
1058 2247 1072 2276 ,
1110 2199 1259 2277 φυσίζοος
1282 2201 1301 2270 5
1325 2201 1399 2260 194.
1500 2250 1504 2258 .

342 2297 442 2360 ιιίαοαι
519 2347 533 2376 ,
570 2299 683 2361 κείαται
708 2303 813 2371 5169.
882 2296 1033 2381 ἀμφίγῦος
1059 2347 1073 2376 ,
1107 2296 1280 2381 ἀμφίγυιος,
1294 2300 1426 2361 asubst.
1439 2293 1566 2378 yor'ov').

343 2502 431 2563 Haec
453 2503 564 2562 omnia
585 2502 640 2575 qui
663 2503 844 2576 composuit
867 2504 900 2562 et
922 2516 1036 2562 secum
1055 2501 1231 2576 perpendit,
1254 2501 1415 2575 intellegit
1437 2499 1567 2562 vocales

302 2602 412 2675 longas
439 2604 472 2662 et
498 2603 712 2677 diphthongos
733 2602 872 2663 leviores
895 2623 927 2660 αι
949 2622 975 2662 ει
997 2623 1026 2663 οι
1049 2602 1143 2663 binas
1165 2617 1274 2662 moras
1297 2617 1361 2662 non
1385 2600 1568 2676 explevisse

301 2703 442 2776 integras
473 2702 536 2763 nisi
567 2704 625 2763 aut
654 2703 821 2764 accederet
847 2702 932 2763 ictus
954 2703 1012 2763 aut
1034 2717 1099 2763 una
1121 2703 1271 2778 pluresve
1295 2701 1570 2774 subsequerentur

303 2805 526 2866 consonantes.
558 2804 628 2865 Non
658 2805 770 2865 tamen
799 2804 885 2865 intra
915 2819 1015 2864 unam
1039 2818 1165 2864 moram
1189 2802 1260 2878 cogi
1282 2805 1441 2879 poterant,
1465 2817 1569 2876 neque
1595 2869 1596 2872 ,

301 2921 428 2982 semper
459 2907 492 2967 in
531 2907 595 2968 arsi
626 2909 775 2983 poterant
798 2906 946 2968 collocari
978 2908 1037 2968 aut
1069 2905 1133 2967 nial
1168 2905 1354 2967 clauderent
1387 2920 1501 2968 vocem
1535 2905 1568 2966 lu

302 3009 385 3070 tbesi
408 3008 540 3084 corripi;
564 3009 638 3069 binc
661 3009 774 3083 poetae
797 3009 858 3069 sibi
878 3009 1068 3069 sumserunt
1091 3010 1128 3067 ut
1149 3007 1183 3068 in
1206 3007 1291 3068 thesi
1315 3023 1372 3068 aas
1393 3007 1489 3069 modo
1512 3023 1569 3083 pro

300 3110 412 3187 longis,
437 3110 532 3170 modo
555 3125 611 3184 pro
642 3110 794 3172 brevibus
810 3109 951 3184 syllabis
975 3109 1139 3186 haberent,
1163 3108 1269 3184 prouti
1292 3108 1391 3170 ferret
1413 3124 1568 3171 versuum

301 3213 390 3275 ratio.
421 3213 539 3288 Negant
569 3214 681 3274 autern
711 3212 824 3288 nequit
845 3212 1111 3288 aequabilitatem
1133 3211 1307 3274 desiderari
1331 3210 1365 3273 in
1388 3211 1482 3274 textu
1506 3212 1568 3273 tra·

301 3315 376 3392 dlto,
416 3316 472 3390 qul
511 3314 654 3389 syllabas
692 3315 739 3376 lta
772 3316 935 3390 correptas
971 3315 1077 3392 modo,
1116 3310 1232 3389 nempe
1266 3314 1300 3375 in
1337 3314 1569 3375 vocabulorum

301 3418 400 3496 initio,
435 3418 630 3478 immutatas
659 3419 810 3479 exhibere
840 3417 953 3494 soleat,
985 3417 1090 3494 modo,
1119 3417 1153 3478 in
1183 3415 1247 3478 fine
1277 3415 1485 3493 potissimum
1516 3432 1568 3478 vo·

302 3535 385 3596 cum,
414 3520 505 3582 brevi
535 3520 639 3582 vocali
663 3521 818 3596 designet.
842 3521 876 3582 Si
900 3520 973 3595 quia
995 3521 1106 3581 autem
1131 3536 1151 3580 a
1172 3520 1293 3581 tradita
1315 3518 1452 3580 lectione
1476 3520 1568 3580 delle·

302 3623 386 3683 ctare
412 3621 510 3698 ausit,
536 3655 576 3666 -
600 3621 632 3682 id
662 3623 745 3696 quod
768 3622 860 3684 nobis
887 3638 927 3683 ne
955 3621 1147 3683 tentandum
1173 3621 1304 3696 quidem
1323 3620 1500 3698 videbatur,
1526 3653 1567 3665 —

301 3723 379 3784 llaec
413 3724 508 3784 unice
540 3723 667 3797 probari
701 3725 805 3799 possit
835 3724 917 3785 ratio
949 3724 986 3784 ut
1019 3723 1057 3784 de
1089 3723 1227 3798 singulis
1254 3723 1387 3784 vocibus
1410 3738 1570 3783 vocumve

301 3824 470 3895 generibus
511 3823 699 3895 quaestione
742 3823 894 3883 instituta
928 3823 1170 3898 distinguantur
1205 3837 1263 3883 eae
1297 3821 1452 3897 syllabae,
1487 3837 1569 3894 quas

302 3923 432 3984 libertas
462 3923 588 3997 poetica
611 3923 643 3983 iu
666 3924 751 3984 thasi
776 3918 797 3995 ²)
821 3939 1052 3997 nonnunquam
1077 3923 1239 4000 corripuit,
1264 3921 1369 3983 abiis
1397 3936 1479 3994 quas
1498 3922 1569 3996 ipsa

301 4023 410 4097 lingue
439 4023 613 4084 Homerica
643 4024 805 4098 correptas
835 4026 1018 4098 praebebat.
1055 4025 1106 4086 Sic
1136 4023 1362 4098 reputantibus
1393 4021 1568 4098 apparebit,

302 4123 458 4186 adiectivo
479 4122 613 4202 χρύσειος
636 4125 670 4185 et
696 4124 842 4198 cognet1s
864 4125 909 4184 ibi
932 4140 1068 4201 quoque,
1092 4124 1147 4185 ubi
1170 4123 1331 4197 syllabam
1354 4122 1568 4198 penultimam

303 4223 432 4286 brevem
455 4225 585 4302 babent,
608 4224 816 4286 tribuendum
840 4241 913 4286 esse
935 4226 1003 4286 iota
1026 4221 1067 4299 ³);
1093 4224 1311 4285 restituendae
1334 4225 1429 4286 erunt
1451 4225 1568 4299 ubique

337 4476 355 4542 ¹)
373 4481 439 4528 llam
457 4482 601 4549 ιἰμαιιγῦἡιιςι
616 4481 746 4548 σιτρᾶγῦος.

335 4554 402 4626 5)1n
420 4561 473 4608 ersi
496 4573 546 4608 uon
566 4561 682 4622 potuisse
699 4561 802 4624 corripi,
826 4560 924 4608 inutilis
941 4563 969 4610 et
984 4573 1067 4622 paene
1084 4560 1193 4608 ridicula
1210 4559 1312 4609 videtur
1328 4563 1485 4619 obseratum
1503 4563 1567 4610 etta·

303 4653 360 4688 men
383 4641 408 4688 ln
432 4643 504 4688 textu
524 4641 619 4689 tradito
642 4641 684 4690 hio
708 4641 762 4690 illio
779 4643 850 4690 extat
866 4641 915 4690 lroo
933 4641 1037 4699 vitium
1055 4641 1095 4724 ιία
1113 4661 1121 4689 ι
1139 4641 1188 4691 288
1206 4637 1250 4708 (oi.
1268 4641 1283 4704 5
1301 4644 1316 4690 8
1334 4644 1361 4691 et
1378 4638 1429 4708 lt),
1446 4643 1488 4724 με
1506 4643 1567 4692 Hes.

302 4723 397 4783 'ihoog
417 4723 440 4771 t.
564 4729 567 4738 “
1002 4732 1005 4739 ·

335 4799 355 4867 ³]
372 4805 405 4851 ut
426 4803 491 4852 haoo
514 4803 617 4864 quidam
634 4804 703 4852 band
723 4803 859 4853 temeraria
883 4804 962 4852 luerit
981 4803 1115 4866 concello,
1132 4807 1254 4864 quonism
1271 4806 1297 4854 in
1315 4806 1418 4854 Pindari
1436 4805 1569 4854 codicibus

303 4886 425 4943 perpetuo
456 4884 582 4944 reperitur
612 4887 721 4948 χρύσειος
750 4889 857 4949 χρυσεία,
889 4883 989 4930 etiamsi
1022 4883 1182 4944 corripienda
1209 4887 1243 4932 sit
1267 4886 1352 4934 medis
1378 4886 1490 4947 syllabo5
1517 4887 1568 4934 vid,

305 4961 476 5011 'Miniumsen
495 4961 527 5010 sd
545 4963 583 5013 ΟΙ.
601 4963 663 5012 x111
681 4965 722 5024 78,
740 4965 827 5012 Christ
843 4962 948 5013 listrilr²
966 4978 991 5024 p.
1010 4964 1051 5012 al.
