3958 5696
289 653 307 724 ἓ
331 655 407 725 310]
879 652 943 714 545

290 841 360 902 vies
390 839 534 914 iungitur
565 838 598 899 in
629 838 779 913 loquendi
811 839 950 900 formula
972 829 1012 910 ὧς
1035 837 1066 898 οἳ
1087 833 1141 916 μὲν
1158 830 1322 919 ’μάρναντο
1350 834 1441 916 δέμας
1463 836 1558 918 πυρὸς

288 939 485 1021 (αἰθομένοιο)
520 947 549 1001 Λ
585 943 649 1004 590
682 942 716 1000 Ν
744 943 808 1004 673
844 944 960 1004 Ρ860
984 943 1013 999 Σ
1037 941 1064 1003 1.
1095 941 1216 1002 Eadem
1238 941 1337 1016 igitur
1360 941 1484 1004 ratione
1508 943 1560 1003 est

289 1045 470 1106 adhibitum
494 1060 559 1118 qua
582 1044 729 1105 Atticum
753 1042 848 1122 δίκην.

337 1263 387 1323 11.
422 1261 602 1324 Particulae
646 1257 731 1322 issue
772 1262 877 1323 forma
907 1261 1062 1335 integrior
1092 1257 1188 1319 εἵνεκα
1219 1265 1272 1332 (ex
1310 1255 1433 1320 iv-fsuoe
1471 1263 1558 1340 nata,

290 1363 439 1425 videntur
472 1363 559 1425 enim
595 1364 765 1427 cohaerere
798 1359 913 1442 lbera,
942 1359 1052 1435 fasee)
1083 1361 1247 1436 aliquanto
1270 1362 1321 1423 est
1345 1361 1558 1440 frequentior;

289 1466 329 1527 el.
352 1463 373 1542 ἕ
395 1468 448 1528 38.

331 1566 380 1626 lix
413 1575 466 1626 ros
501 1563 587 1627 ἕνεκα
619 1569 653 1630 et
683 1559 720 1628 οὗ
752 1564 836 1627 ἕνεκα
869 1568 898 1637 (i.
922 1583 950 1628 e.
975 1573 1027 1626 τοῦ
1051 1561 1137 1626 ἕνεκα
1160 1563 1177 1624 ri
1199 1565 1392 1626 attractione
1415 1566 1558 1626 decurta

288 1669 370 1738 tum)
403 1671 481 1729 nate
515 1671 593 1729 sunt
626 1668 751 1729 τούνεκα
782 1670 849 1729 ideo
884 1670 918 1730 et
951 1666 1061 1726 siesse
1090 1667 1251 1742 quoniam,
1277 1667 1347 1726 sive
1373 1666 1560 1740 aphaeresis

287 1767 366 1827 haec
402 1769 454 1827 est
485 1769 557 1829 soni
589 1789 601 1828 ε
632 1773 696 1839 (τοῦ
715 1762 809 1844 ’ersa
832 1760 868 1827 οὗ
890 1761 995 1843 'venet
1019 1768 1091 1828 slve
1114 1766 1177 1826 alia
1205 1766 1328 1826 ratione
1351 1767 1412 1826 has
1435 1766 1558 1826 formae

286 1869 364 1926 sunt
398 1867 617 1943 explicandae,
647 1883 729 1940 quae
766 1867 910 1929 nondum
940 1868 981 1928 ad
1014 1866 1171 1941 liquidum
1206 1865 1380 1939 potuerunt
1410 1865 1557 1940 perduei;

290 1967 352 2026 vid.
375 1983 448 2042 pag.
474 1971 526 2028 51.
555 2001 593 2013 -
618 1968 652 2028 E.
676 1982 706 2041 g.
1519 1989 1522 1996 ⁴

468 2062 580 2128 τούνεκ’
605 2062 648 2146 ἄρ’
674 2062 748 2147 ἄλγε’
774 2065 864 2128 ἔδωκε
886 2065 1051 2146 ,Ρεκηρόλος
1075 2060 1125 2144 ἠδ’
1152 2063 1194 2126 ἔτι
1221 2063 1316 2124 δώσει.
1451 2069 1480 2124 A
1504 2066 1557 2127 96.

467 2168 576 2229 οὕνεκα
599 2166 651 2229 τὸν
673 2169 798 2249 Χρύσην
822 2166 963 2248 ἠτίμασεν
986 2164 1127 2246 ἀρητῆρα.
1452 2170 1482 2225 Α
1507 2167 1557 2228 11.

333 2269 503 2332 Nonnullis
537 2269 617 2332 locis
648 2268 758 2330 οὕνεκα
792 2270 873 2331 nihil
905 2267 968 2328 nisl
999 2264 1043 2326 tn
1074 2269 1156 2342 quod
1180 2267 1343 2340 signifieat
1366 2269 1440 2343 post
1462 2268 1560 2329 rerba

290 2371 411 2431 dicendi
440 2370 474 2432 et
503 2371 634 2432 sewardi:
665 2375 696 2429 A
727 2371 766 2431 21
792 2373 866 2441 (lle
896 2371 960 2429 ale
984 2389 1003 2445 η
1028 2369 1092 2428 300
1112 2389 1130 2426 ν
1155 2369 1219 2428 309
1243 2388 1260 2426 ο
1284 2369 1326 2427 42
1350 2388 1373 2426 rs
1396 2371 1471 2446 330,
1495 2369 1559 2429 370

289 2470 366 2531 Hes.
393 2471 510 2546 Theog.
536 2473 611 2532 464.

805 2727 891 2735 ...η-.-
898 2729 1047 2738 ι...-

770 2971 988 3054 CAPUT
1019 2970 1075 3052 ΙΙ.

793 3173 843 3228 De
864 3169 1050 3231 adverbiis.

335 3375 357 3459 fl
380 3376 453 3445 310.
473 3381 707 3443 Adrerbiorum
727 3379 760 3441 in
779 3400 833 3450 -ως
853 3377 1070 3440 desinentium
1085 3392 1201 3452 parcus
1221 3377 1253 3437 in
1274 3377 1384 3454 lingua
1403 3380 1493 3455 epiea
1508 3381 1561 3442 est

291 3496 380 3542 usus.
404 3482 469 3542 Nec
492 3481 623 3542 mirum.
647 3481 803 3541 Primitus
827 3479 914 3541 enim
933 3494 995 3539 non
1024 3478 1086 3538 nisi
1110 3493 1130 3538 a
1152 3477 1315 3555 stirpibus,
1336 3495 1418 3555 quas
1438 3481 1560 3542 claudit

291 3597 390 3642 sonus
424 3598 451 3658 o,
486 3582 558 3643 duci
593 3582 698 3657 potuit
728 3595 823 3640 casus
845 3579 865 3649 ¹)
896 3579 929 3638 in
959 3581 1034 3648 -ω(ς)
1066 3578 1196 3638 exiens:
1232 3575 1433 3654 αἰνός-αἰνῶς,
1471 3572 1558 3652 ὅς-ὧς

291 3673 358 3758 ὧδε,
390 3679 675 3761 πρότερος-προοέρο
709 3683 788 3755 ete.;
821 3679 969 3752 analogia
999 3679 1112 3739 deinde
1143 3678 1250 3740 effecit
1280 3680 1318 3739 ut
1347 3679 1459 3740 sullixi
1489 3680 1558 3742 loco

291 3784 463 3846 baberetur
489 3785 615 3860 syllaba
640 3805 694 3854 -ως
721 3782 883 3855 variisque
914 3779 1148 3841 adieetirorum
1174 3781 1329 3856 stirpibus
1356 3781 1560 3855 subiungere·

291 3889 354 3965 tur,
377 3905 405 3950 θ.
425 3904 456 3963 g.
479 3885 580 3968 λιγέως
604 3885 717 3967 (λιγύς),
739 3879 893 3962 ἀσφαλέως
917 3879 1084 3960 (ἀσφαλής),
1106 3880 1223 3956 πάντως
1247 3889 1335 3956 (πᾶς).
1365 3884 1403 3944 In
1426 3883 1560 3945 Homeri

290 3989 402 4065 lingua
428 3989 613 4052 huiusmodi
636 3989 789 4050 adverbia
811 4001 884 4048 rara
907 3987 994 4062 sunt,
1018 3987 1051 4046 et
1073 3986 1168 4060 longe
1190 3986 1332 4061 plurima
1354 3985 1505 4047 adverbia
1526 3986 1558 4047 in

291 4115 346 4165 -ως
376 4093 557 4155 desinentia
587 4093 626 4153 ab
654 4089 823 4152 adieetivls
845 4090 878 4150 iu
901 4109 948 4160 -ος
970 4089 1049 4149 sunt
1070 4090 1176 4150 dueta.
1201 4088 1302 4164 Saepe
1325 4087 1468 4150 adverbii
1490 4089 1560 4150 loco

292 4199 465 4273 usurpatur
476 4195 615 4257 edndivi
625 4197 773 4254 nentrum
793 4193 815 4263 ²)
827 4191 1001 4266 singularis
1014 4189 1065 4252 vel
1077 4190 1177 4252 etlam
1189 4191 1323 4267 pluralis
1335 4191 1471 4254 numeri.
1484 4191 1519 4254 Ε.
1528 4207 1559 4267 g.

333 4393 358 4400 -›
368 4391 483 4398 ...κ-ιι·-

327 4505 345 4573 Ι)
362 4508 530 4557 Ablstlsnsne
555 4508 598 4555 lais
622 4508 709 4570 luerit,
735 4509 779 4568 nul
807 4507 833 4555 in
861 4509 898 4557 -el
923 4507 1065 4569 desinebat,
1091 4520 1124 4554 sn
1151 4505 1353 4556 instrumentalis
1378 4507 1406 4556 lu
1430 4508 1561 4569 testans,

292 4589 436 4648 dubitatum
463 4602 546 4649 neque
571 4591 672 4637 eonsht
697 4589 766 4637 nude
790 4591 878 4636 natum
903 4589 938 4636 alt
958 4589 1041 4648 sigma
1063 4586 1148 4635 llasls.
1173 4587 1211 4634 01.
1234 4589 1322 4635 llonre
1341 4588 1415 4635 Hom.
1434 4583 1562 4636 stemma

291 4681 350 4810 ραις)Ι
363 4669 444 4793 191ῗηῖ
446 4668 574 4794 afficias
592 4749 681 4806 parata
698 4749 738 4794 est
755 4747 852 4794 formas
869 4759 960 4807 pssum
977 4744 1128 4793 Homer-ione
1148 4747 1198 4793 θιοΙ
1217 4749 1337 4808 petrones
1354 4748 1455 4810 δνορριῐς
1473 4752 1495 4791 r
1512 4746 1558 4794 lar

292 4841 304 4882 η
324 4825 370 4870 101
390 4839 407 4870 n
428 4827 488 4872 1⁰1:
506 4824 608 4884 legatur
625 4825 717 4890 Ιοοργίς
733 4821 782 4890 (sie
800 4821 879 4888 noi).
