3934 5706
325 770 345 838 ὃ
368 770 422 842 40]
928 771 984 831 131

326 945 370 1023 (εὖ
389 957 524 1030 φρονεῖν)
546 953 715 1014 cohaerere
734 953 932 1029 credebatur,
953 956 1105 1028 quoniam
1130 955 1246 1030 „adven
1267 954 1590 1028 abrenunciandum

320 1056 439 1127 ιμᾶλλον
469 1051 681 1130 ἒξευρίσκειαι”
712 1051 935 1126 (Epicharmus
965 1056 1049 1128 apud
1073 1054 1250 1115 cornutum
1273 1057 1312 1116 de
1336 1059 1402 1117 nat.
1428 1058 1512 1118 deor.
1540 1057 1590 1132 14,

327 1153 435 1227 Epich.
467 1154 602 1214 Lorenta
632 1168 661 1226 p.
688 1154 773 1222 259).
798 1153 866 1213 Hac
893 1153 1065 1227 Sophocles
1088 1170 1214 1228 quoque
1238 1155 1350 1231 utitur,
1374 1158 1457 1231 apud
1482 1157 1591 1216 Pinda-

328 1269 400 1312 rum
431 1256 542 1313 autern
572 1255 606 1312 et
632 1253 830 1326 Aeschylum
861 1255 895 1313 et
925 1254 1109 1329 Euripidem
1140 1271 1215 1315 cum
1240 1251 1339 1334 ὄρφνη
1363 1259 1434 1318 turn
1458 1256 1592 1334 εὐφρόνη

328 1355 494 1430 reperitur,
518 1355 578 1414 hoc
601 1355 712 1414 tamen
737 1354 947 1427 frequentius.

694 1588 758 1644 111.
781 1590 831 1643 De
852 1589 973 1644 littera
995 1589 1170 1658 digamma
1193 1589 1226 1658 ¹).

373 1777 476 1857 §lla
510 1784 567 1860 Qui
600 1786 692 1846 lrodie
722 1786 791 1846 sive
823 1802 901 1861 puer
932 1787 1125 1847 breviarium
1158 1788 1285 1861 aliquod
1314 1785 1462 1846 dictionis
1486 1785 1594 1859 opicae

329 1883 445 1946 ediscit
467 1887 536 1947 sive
560 1887 591 1948 ln
616 1889 760 1948 doctrina
784 1889 948 1962 aliquanto
972 1890 1149 1963 provectior
1173 1889 1312 1962 accingit
1335 1904 1370 1948 se
1390 1889 1429 1948 ad
1450 1888 1595 1948 carmina

329 1987 463 2058 antiqua
493 1989 527 2046 ct
555 1988 656 2060 ipsius
688 1989 815 2062 linguae
847 1991 987 2049 Graecae
1019 1990 1192 2062 primordia
1216 1989 1449 2062 investiganda,
1474 1987 1594 2060 lingere

330 2085 390 2144 eibi
422 2087 477 2145 vix
508 2091 615 2160 potest
646 2089 746 2148 luisse
779 2092 910 2163 tempus
936 2105 998 2161 quo
1021 2090 1170 2149 homines
1193 2091 1312 2149 Graece
1335 2088 1457 2148 scirent
1479 2088 1594 2148 Home·

330 2201 466 2259 rumque
497 2191 534 2247 ut
563 2189 680 2262 digitos
703 2205 781 2250 suos
804 2191 947 2264 nossent,
972 2204 1030 2248 nec
1054 2193 1163 2248 tamen
1188 2191 1429 2263 suspicarentur
1452 2188 1595 2261 aliquam

332 2287 398 2346 vim
427 2288 459 2347 in
495 2288 565 2348 eius
595 2287 704 2362 lingua
734 2305 806 2349 esse
838 2289 964 2349 litterae
990 2305 1063 2348 vau.
1089 2289 1218 2350 Scilicet
1240 2305 1303 2350 non
1327 2289 1517 2349 cernebatur
1541 2289 1596 2350 illa

330 2387 439 2448 littera
469 2389 501 2448 in
533 2390 624 2450 textu
656 2390 836 2465 Homerico,
861 2391 894 2450 et
917 2390 1049 2463 segnius
1073 2391 1202 2450 irritant
1224 2392 1351 2451 animos
1374 2390 1518 2449 demissa
1541 2405 1597 2465 per

330 2504 425 2549 aures
454 2505 552 2561 quam
584 2505 665 2563 quae
697 2493 775 2550 sunt
803 2491 905 2550 oculis
935 2491 1089 2551 subiecta.
1122 2492 1182 2550 Per
1213 2492 1275 2550 duo
1307 2491 1411 2550 millia
1437 2505 1595 2549 annorum

328 2588 368 2648 ad
404 2590 577 2650 minimum
611 2588 695 2650 lecta
725 2591 803 2650 sunt
833 2591 978 2650 carmina
1005 2591 1104 2666 apice,
1137 2592 1273 2651 recitata
1304 2593 1391 2664 sunt,
1420 2591 1597 2649 memoriae

328 2688 437 2765 inilxa,
469 2689 595 2750 infinita
624 2707 701 2751 cura
732 2693 765 2750 et
794 2691 939 2751 doctrina
965 2691 1126 2764 explicata
1150 2724 1189 2734 -
1215 2692 1381 2751 ettamen
1406 2705 1502 2750 nemo
1527 2691 1597 2748 erat

329 2788 542 2850 Alexandriae
575 2791 625 2850 vel
657 2791 779 2851 Rornae
810 2791 893 2851 inter
920 2793 969 2852 tot
990 2791 1279 2865 grammaticorum
1304 2791 1512 2864 prudentium
1538 2790 1595 2850 ier·

331 2891 521 2950 ventissima
555 2893 663 2953 studia
693 2889 725 2969 ²),
769 2908 865 2954 nemo
899 2895 972 2968 post
1006 2895 1136 2952 renatas
1171 2892 1298 2954 litteras
1330 2896 1402 2953 erat
1435 2893 1468 2952 in
1503 2892 1598 2952 turba

331 2991 471 3052 virorum
495 2994 661 3066 sagacium
685 2997 866 3068 periciam
890 2995 1049 3068 Europam
1063 2993 1302 3067 exemplaribus
1321 2993 1451 3055 Graecis
1474 2994 1595 3054 incum-

329 3093 484 3170 bentium,
515 3095 570 3167 qui
600 3095 802 3170 intellegeret
832 3097 976 3158 carmina
1007 3097 1062 3157 illa
1092 3097 1275 3173 Homerica,
1304 3113 1385 3170 quae
1410 3096 1461 3170 pio
1486 3111 1597 3156 amore

328 3195 476 3256 colebant
507 3198 540 3256 ct
571 3196 821 3273 damnabantur,
857 3199 941 3258 horti
973 3199 1061 3258 illius
1091 3199 1256 3272 Tarquinii
1287 3200 1405 3260 referre
1437 3199 1597 3273 speciem:

330 3310 392 3354 nou
427 3296 569 3370 integros
602 3299 636 3358 et
670 3299 810 3359 illibatos
843 3313 1012 3371 superesse
1046 3299 1141 3358 ilores
1177 3301 1325 3360 vetustae
1360 3315 1503 3376 poeseos,
1542 3299 1598 3360 sed

331 3396 475 3470 praecisa
504 3413 576 3458 esse
607 3400 784 3459 multorum
814 3400 929 3476 capita,
965 3399 1076 3460 fractis
1107 3401 1253 3461 caulibus
1284 3403 1463 3475 prostratos
1496 3403 1600 3462 iacere

331 3498 421 3575 alioe,
452 3503 609 3573 quosdam
641 3502 795 3562 radicitus
825 3517 897 3562 ease
929 3502 1116 3576 extirpatus.
1150 3503 1329 3564 (tradebant
1351 3503 1523 3576 aliquando
1548 3504 1599 3563 ho·

332 3600 437 3660 mines
467 3604 606 3680 poetam,
638 3618 701 3663 non
732 3619 899 3664 summurn
927 3605 1065 3665 dicimus
1096 3605 1152 3665 sed
1178 3605 1434 3678 qualemcunque
1459 3607 1599 3680 poetam,

365 3886 384 3952 ¹)
402 3890 472 3944 Quae
490 3890 515 3936 in
534 3890 583 3936 laec
601 3891 615 3950 ss
632 3889 753 3950 leguntur
768 3905 799 3938 ex
813 3893 969 3950 Mnemosyn.
982 3895 1044 3939 lsai
1061 3906 1086 3952 p.
1098 3896 1109 3939 1
1121 3906 1178 3952 sqq.
1195 3893 1304 3952 repetita
1319 3895 1388 3950 sunt,
1402 3893 1491 3952 paneis
1506 3892 1601 3938 additis

330 3967 569 4015 observatianculls.

364 4041 385 4108 ²)
402 4046 562 4104 Quamquam
588 4059 603 4091 a
627 4060 688 4094 vero
713 4049 828 4108 proxime
854 4048 943 4096 aberat
969 4049 1107 4107 Dionysius
1133 4049 1214 4096 Helle.
1238 4049 1309 4110 12⁰,
1336 4048 1410 4096 cuins
1432 4048 1510 4094 verba
1536 4048 1600 4094 haec

330 4126 402 4170 aunt:
479 4126 507 4170 sd
527 4126 600 4171 πολλὰ
618 4126 696 4186 liudp,
713 4125 729 4172 d
747 4133 788 4173 viia
805 4127 864 4174 rard
881 4127 921 4174 rior
938 4130 1038 4191 tippulae
1056 4136 1095 4187 ripe
1112 4129 1232 4174 innixtae
1251 4127 1339 4191 aprinos
1359 4131 1441 4173 odilla
1459 4130 1603 4184 ὀνομάζεται,

331 4207 430 4262 utaequa·
457 4205 500 4268 γὰρ
527 4200 553 4262 ἦν
577 4213 624 4258 τοῖς
649 4207 756 4268 ἀρχαίοις
774 4205 885 4264 Ἕλλησιν
907 4209 936 4260 ὡς
953 4209 982 4252 sd
1009 4209 1082 4254 nollit
1099 4208 1237 4272 nqrorrm'rur
1255 4215 1301 4253 rubr
1318 4209 1446 4266 ὀνομάτων,
1465 4207 1557 4252 ὁπόσων
1576 4210 1602 4251 al

331 4287 402 4347 ἀρχαὶ
420 4285 468 4331 ἀπὸ
485 4285 620 4346 adspiratur
638 4289 746 4343 trienno.
765 4288 806 4344 τὴν
823 4283 850 4334 ou
868 4287 985 4346 vallestris
1002 4289 1033 4331 al
1052 4292 1160 4348 στοιχείῳ
1178 4285 1333 4348 γραφομένην.
1351 4291 1419 4330 sobac
1437 4287 1463 4331 ol
1482 4281 1507 4344 ἦν
1523 4287 1601 4347 ὥσπερ

332 4367 413 4421 γάμμα
430 4365 516 4418 διτταῖς
534 4367 570 4409 tal
587 4369 644 4420 prm
661 4365 737 4424 riparia
755 4368 942 4424 δπιζιυγνύμυον
958 4373 1007 4418 ταῖς
1024 4369 1135 4422 niarium.
1153 4368 1182 4416 riq.-
1198 4358 1284 4423 fels'vq
1302 4366 1339 4410 xci
1364 4357 1444 4414 siras
1464 4365 1501 4409 :ai
1518 4356 1602 4415 fornae

332 4443 369 4486 nel
386 4431 453 4504 faip
470 4437 498 4505 (l.
516 4455 538 4487 a.
554 4436 646 4505 fai-ip»)
664 4443 701 4489 nal
720 4445 794 4489 nolli
811 4449 953 4490 anebsa—
966 4443 995 4488 Irr
1013 4443 1061 4488 lrac
1079 4444 1205 4489 sententia
1223 4456 1268 4502 pro
1289 4442 1382 4502 priscis
1396 4441 1501 4488 Graecis
1518 4440 1602 4486 scribe

333 4521 481 4576 Homerum.
499 4523 525 4568 at
543 4534 573 4568 ax
591 4521 712 4579 Dionysio
730 4521 760 4568 iit
777 4521 923 4569 Bentlaiual

366 4600 485 4647 Getarum
515 4601 571 4646 recl
599 4593 666 4666 scrip
689 4601 730 4647 vel
748 4593 828 4665 ferula
849 4601 978 4660 digamma
1004 4615 1053 4647 non
1075 4602 1145 4647 recta
1171 4599 1305 4655 tribulium
1330 4599 1378 4646 nisi
1402 4599 1504 4658 egregie
1528 4599 1603 4646 fallor

332 4679 470 4739 Dionysius
492 4681 631 4740 scripserat
648 4679 774 4741 FAl‘llN,
798 4683 873 4728 cuins
890 4677 1006 4728 vocabuli
1024 4679 1204 4740 nominativus,
1222 4693 1237 4724 a
1254 4679 1427 4738 grammaticis
1448 4691 1602 4725 commemo·

332 4763 410 4816 ratus,
429 4775 496 4808 nunc
514 4761 620 4808 totidem
639 4761 731 4808 litteris
748 4764 868 4809 exaratus
886 4762 911 4808 in
929 4761 1107 4821 antiquissima
1122 4759 1287 4820 inscriptione
1303 4761 1415 4818 Gortyna
1431 4763 1470 4806 est
1485 4763 1603 4819 repertus

333 4839 394 4903 (vid.
420 4842 529 4890 Boberls
552 4843 700 4902 Epigraphy
726 4856 750 4902 p.
777 4844 809 4890 4⁰
835 4846 861 4890 et
885 4838 953 4906 ΒΗ),
979 4846 1005 4889 et
1030 4842 1085 4889 sina
1110 4834 1133 4889 f
1159 4843 1184 4888 in
1209 4841 1374 4900 inscriptione
1398 4841 1481 4886 Attica
1506 4839 1603 4885 eaeculi

335 4923 361 4966 Vl
381 4922 477 4986 [Ἑρμῆ
495 4923 553 4986 dpip
569 4921 668 4984 ιριιοῚς]
688 4923 749 4968 (ila.
769 4923 779 4968 l
798 4925 854 4983 432
874 4923 1054 4980 (lieisterhans
1071 4923 1114 4969 Gr.
1133 4921 1157 4969 d.
1176 4924 1220 4968 att.
1239 4915 1348 4966 lasabi-‚²
1365 4922 1415 4965 not.
1437 4915 1520 4982 luas).
