3908 5724
313 683 331 751 5
357 683 430 753 128]
918 683 982 744 825

309 866 371 939 filio
393 865 452 926 3454
474 865 610 924 oblatum
632 865 753 940 accepit.
777 867 862 926 Item
885 861 1052 942 ὁμοκλήσας
1073 863 1210 944 προσέφη
1232 867 1284 928 vol
1302 863 1580 944 &pontiiooepftrroc

313 960 392 1038 ηὔδα
426 963 490 1022 alia
523 977 591 1022 voce
624 963 767 1023 clamavit
799 965 824 1022 Ε
848 964 912 1024 489
946 967 971 1022 Ζ
995 965 1037 1025 54
1067 967 1139 1040 oto,
1171 963 1242 1025 ὅσον
1272 955 1295 1024 τ’
1315 961 1437 1045 έγέγανε
1467 966 1580 1046 βοήσας

311 1077 467 1136 quonaone
489 1062 655 1122 ιλινιιιειελο
677 1062 746 1136 quie
769 1077 869 1122 vocem
890 1064 1097 1124 ironcmittcrc
1113 1067 1209 1140 poteri
1232 1084 1246 1123 ι
1269 1065 1334 1124 400
1357 1065 1418 1126 etc.

358 1164 500 1226 Flexioni
521 1164 770 1239 periphrasticae
790 1164 822 1224 in
842 1163 979 1226 dictione
999 1165 1090 1240 epica
1108 1165 1215 1228 solum
1231 1166 1435 1242 participium
1446 1166 1580 1242 perfecti

313 1268 431 1344 punivi
460 1267 647 1328 innerviieeo
677 1268 862 1329 observavit
893 1268 993 1330 iaetus
1025 1266 1136 1330 Arist.²
1169 1284 1198 1346 p.
1224 1271 1287 1332 807
1312 1285 1400 1344 equ,
1423 1269 1581 1345 reperitur

313 1374 423 1433 autern
448 1371 507 1432 troo
530 1387 632 1446 genoe
656 1371 802 1446 loquendi
827 1371 906 1433 tocie
928 1373 1157 1447 sequentibus:

489 1471 666 1553 κεκλημένος
689 1473 754 1554 εἴην
777 1477 801 1534 Β
825 1475 899 1552 260,
923 1474 985 1553 εἴης
1008 1477 1040 1537 11.
1064 1476 1143 1538 Veii.
1170 1477 1244 1553 248,
1268 1475 1314 1555 εἴη
1338 1477 1355 1550 ζ
1376 1479 1451 1539 244.

489 1572 687 1654 τετελεσμένος
710 1598 760 1636 -ον
786 1578 807 1647 ¹)
830 1574 899 1654 έοτί,
921 1568 985 1656 ἦεν,
1006 1577 1062 1655 εἴη,
1085 1575 1164 1638 ἔσται
1187 1582 1216 1637 Α
1241 1580 1315 1652 212,
1337 1580 1402 1641 888
1426 1581 1487 1642 eto.

489 1673 678 1757 πεφυγμένος
699 1668 753 1756 ἦεν
772 1701 791 1737 α
813 1679 863 1755 18,
883 1675 1074 1758 πεφυγμένον
1093 1676 1155 1739 έστέ
1172 1681 1202 1740 h.
1223 1679 1302 1742 Voti.
1316 1682 1369 1760 84,
1387 1677 1580 1763 πεφυγμένον

533 1778 655 1859 ἔμμεναι
680 1781 703 1838 Ζ
727 1780 791 1840 488
814 1801 825 1838 ι
849 1781 924 1857 455,
947 1776 1349 1862 πεφυγμένον...γενέσθαι
1373 1786 1405 1843 Χ
1426 1786 1501 1846 219.

490 1878 674 1960 ἆναχημένος
697 1879 743 1958 εἴη
768 1884 796 1941 E
820 1883 871 1942 24.
1493 1877 1496 1884 ’

488 1979 750 2060 λελασμένοςέσσί
771 1985 805 2042 Π
826 1984 901 2059 588,
923 1979 1097 2060 λελασμένος
1121 1981 1205 2043 ἔπλεο
1235 1986 1269 2042 Ψ
1289 1986 1341 2046 69.
1368 2047 1370 2052 ,
1422 2027 1424 2032 -

490 2080 715 2162 πεφυλαγμένος
738 2075 814 2144 εἶναι
842 2086 876 2142 Ψ
896 2086 970 2146 348.

488 2181 691 2263 κεκρυμμένον
713 2175 789 2244 εἶναι
812 2187 828 2242 λ
852 2185 929 2245 448.

488 2281 677 2364 έεέμημένος
699 2282 771 2344 toro
798 2286 824 2345 Θ
847 2287 921 2346 524.

490 2382 669 2467 μεμιγμένον
692 2382 753 2446 έστί
773 2390 797 2446 8
823 2387 896 2449 126.

488 2484 683 2567 πεπρωμένον
706 2484 768 2547 ἐστί
789 2490 818 2545 Γ
837 2488 912 2548 809.

488 2585 679 2666 τεθυωμένον
702 2579 756 2666 ἦεν
779 2585 808 2654 Ξ
829 2590 903 2650 172.

357 2691 527 2766 Participio
561 2692 661 2752 futuri
694 2691 854 2752 indicatur
888 2689 1059 2752 consilium
1093 2706 1156 2764 quo
1186 2691 1259 2765 quie
1289 2690 1477 2767 impellitur,
1510 2691 1581 2754 eive

312 2792 386 2854 tinia
415 2808 513 2867 quem
543 2793 615 2854 vult
643 2792 790 2872 assequi;
822 2791 1010 2853 antecedere
1042 2790 1127 2853 solet
1156 2792 1290 2854 verbum
1322 2793 1473 2870 movendi,
1496 2793 1579 2867 quod

313 2895 406 2956 abeat
428 2897 538 2955 tamen
564 2895 592 2952 Ε
615 2895 657 2955 48
680 2897 724 2964 (=
747 2894 782 2950 Π
802 2895 878 2963 348)
900 2895 930 2951 Σ
952 2894 1016 2954 809
1046 2895 1080 2951 Ψ
1100 2895 1164 2954 879
1187 2896 1202 2952 1
1227 2894 1300 2956 008.
1326 2894 1392 2955 Soli
1414 2893 1581 2969 participio

313 2993 455 3073 ἐσσόμενα
468 3000 497 3055 Α
517 2998 569 3073 70,
587 2991 740 3072 ἐσσύμενοι
760 2997 784 3054 Β
799 2997 861 3056 119
874 2997 934 3056 etc.
950 2994 1053 3071 sutori
1072 2995 1227 3071 temporis
1248 2997 1335 3057 notio
1347 2996 1580 3071 inestintegra.

355 3193 377 3278 fl
400 3195 471 3263 128.
495 3197 700 3260 Adiectivum
723 3197 852 3260 verbale
874 3197 958 3271 quod
981 3197 1043 3259 dici
1064 3196 1157 3274 solet,
1178 3197 1212 3257 in
1231 3195 1294 3268 -ιός
1314 3197 1474 3274 desinens,
1495 3200 1579 3274 apud

313 3301 491 3361 Homerum
521 3299 679 3374 participii
710 3312 854 3373 munere,
885 3298 969 3371 quod
1001 3297 1152 3371 primitus
1178 3298 1209 3358 ei
1231 3298 1395 3371 proprium
1419 3299 1489 3374 iuit,
1513 3314 1579 3374 per·

313 3400 427 3460 multis
450 3399 529 3460 locis
552 3399 705 3475 iungitur,
728 3398 854 3459 nulium
879 3398 966 3458 enim
991 3395 1215 3474 interremptis
1234 3397 1385 3472 etfaciue
1404 3399 1581 3460 estdiscri·

316 3515 400 3576 men,
431 3500 501 3560 sive
533 3499 599 3560 vim
626 3499 696 3560 eive
719 3499 1006 3560 conformationem
1033 3498 1199 3572 utriusque
1224 3499 1312 3559 vecie
1335 3502 1474 3576 epactes,
1498 3515 1525 3562 e.
1550 3516 1580 3574 g.

313 3599 567 3680 κυνέην...ῥινοῦ
608 3599 734 3678 ποιητήν
776 3602 804 3659 Κ
850 3601 911 3661 261
949 3615 1009 3676 sq.,
1044 3601 1124 3660 item
1159 3599 1273 3676 νυκτός,
1304 3599 1419 3680 κλυτός,
1451 3600 1584 3681 πινυτός,

313 3699 442 3776 ἄπαστος
465 3703 593 3778 aliaque
617 3702 730 3764 multa.

356 3806 426 3868 Non
461 3807 572 3867 tamen
600 3806 725 3881 pceaivo
755 3803 924 3880 praecipue
955 3805 1119 3879 proprium
1149 3806 1200 3865 est
1231 3803 1387 3865 suffixum
1419 3803 1493 3883 -τός,
1524 3808 1581 3868 sed

201 3973 203 3976 ,
313 3903 457 3980 ἄκλαυτος
491 3921 519 3968 e.
550 3921 580 3979 g.
612 3905 630 3965 0
661 3906 725 3965 494
756 3904 872 3965 dicitur
902 3905 957 3979 qni
987 3921 1050 3965 non
1077 3905 1138 3982 ilat,
1171 3907 1203 3964 X
1231 3906 1295 3967 886
1327 3899 1404 3967 aiibi
1434 3907 1489 3982 qui
1517 3923 1581 3969 non

314 4007 449 4086 defletur,
480 4003 610 4078 ἄπυστος
640 4004 658 4065 d
690 4009 753 4068 675
785 4026 798 4065 ε
832 4007 892 4066 127
925 4008 976 4067 est
1001 4007 1144 4082 tynam,
1168 4029 1188 4064 α
1211 4006 1275 4066 242
1297 4007 1438 4081 iporeium
1459 4005 1580 4082 ἄπιστος

314 4111 329 4183 ξ
362 4112 424 4171 150
453 4121 480 4183 υ
511 4109 552 4169 72
583 4110 635 4170 est
664 4108 718 4183 qui
745 4108 838 4184 fidem
868 4107 1005 4185 compar,
1036 4103 1199 4180 ἄπνευστος
1230 4127 1243 4167 ε
1271 4109 1336 4170 too
1358 4109 1580 4186 perspiritum

314 4214 423 4273 ricem
444 4213 557 4288 ncqrrii,
582 4213 643 4272 etc.

357 4316 593 4388 Nonnunquam
629 4312 807 4389 euphoniae
843 4327 943 4374 cauea
976 4312 1099 4374 inserta
1134 4313 1186 4374 eet
1219 4312 1341 4374 vocalis
1372 4333 1401 4386 ες
1432 4315 1580 4378 videatur

313 4412 490 4496 ἀριδείκετος
519 4431 539 4477 a
569 4415 675 4477 radice
707 4413 780 4491 δειι,
813 4416 847 4476 et
875 4430 957 4489 quae
987 4415 1021 4476 in
1052 4415 1259 4477 substantiva
1286 4415 1434 4477 abierunt
1454 4415 1579 4492 κάπετος

313 4521 410 4594 atque
433 4513 529 4597 ὀχετός
553 4534 574 4578 a
595 4517 757 4579 radicibus
780 4521 881 4587 (σμαιι
901 4518 934 4577 et
952 4518 1035 4594 (fitz-
1063 4515 1247 4592 comparari
1266 4519 1374 4592 potest
1393 4519 1579 4580 terminatio

347 4841 368 4912 ¹)
386 4851 406 4893 Σ
422 4845 436 4892 4
454 4843 602 4902 τετελεσμένα
621 4839 666 4904 ε’μν,
682 4842 733 4903 leg.
751 4861 794 4890 -οε,
