3842 5690
997 746 1039 810 68
1403 773 1405 778 ·
1559 751 1588 821 [ἓ
1614 749 1653 811 13

434 943 536 1018 Magis
569 942 668 1004 eiiam
704 939 856 1014 suspecta
886 939 920 998 et
949 937 1005 996 vix
1037 937 1213 998 tolerabilis
1244 940 1295 998 eet
1325 937 1420 999 lectio
1447 943 1477 997 A
1500 939 1575 1015 212,
1599 939 1653 998 ubi

389 1047 515 1123 syllaba
540 1067 586 1104 -αι
607 1041 800 1105 nominativi
823 1039 957 1115 pluralis
981 1038 1061 1099 elisa
1083 1041 1145 1116 est,
1168 1033 1310 1118 ὀξεῖ’(αι),
1333 1040 1410 1102 licet
1432 1041 1472 1102 ad
1500 1055 1652 1101 excusan-

388 1151 558 1212 dameam
583 1145 690 1208 afferri
713 1143 817 1218 possit
838 1141 1025 1217 posterioris
1047 1142 1120 1203 aevi
1144 1157 1208 1203 vox
1230 1142 1364 1217 vulgata
1388 1138 1538 1221 ὁσημέραι.

431 1252 478 1312 De
521 1249 681 1311 secundae
722 1258 878 1320 personae
918 1243 1059 1304 termino
1101 1240 1190 1320 -(σ)αι
1221 1245 1254 1305 in
1288 1243 1470 1306 Homericis
1508 1242 1653 1305 elidendo

387 1369 470 1427 quae
492 1351 662 1412 observare
683 1346 852 1421 hahemus,
875 1345 1033 1419 aptiorem
1057 1346 1089 1406 iu
1113 1345 1130 1414 5
1156 1347 1217 1406 117
1241 1345 1349 1407 locum
1371 1345 1546 1406 invenient.

431 1456 477 1517 De
499 1450 668 1515 infinitivis
690 1449 724 1510 in
746 1467 846 1526 -μεναι
869 1446 1002 1509 elisione
1024 1447 1200 1509 decurtatis
1223 1447 1286 1510 vid.
1310 1449 1328 1517 s
1354 1449 1426 1510 125.

431 1663 477 1724 De
504 1658 637 1722 elisione
659 1653 848 1730 diphthongi
871 1674 914 1713 -οι
936 1651 1100 1726 aliquanto
1127 1653 1231 1714 fusius
1254 1655 1306 1714 est
1327 1653 1566 1728 disputandum.
1592 1652 1651 1729 Qui

385 1779 486 1826 sonus
507 1761 659 1836 quonlam
684 1771 787 1830 neque
810 1755 894 1831 apud
916 1755 1109 1830 posteriores
1132 1755 1300 1816 elisionem
1324 1755 1470 1816 admittit
1495 1769 1599 1828 neque
1618 1756 1651 1814 in

385 1863 583 1928 carminibus
613 1858 712 1934 epicis
738 1856 813 1918 elidi
835 1855 928 1930 solet,
952 1855 1104 1916 notabilis
1126 1856 1301 1918 admodum
1325 1859 1376 1918 est
1400 1856 1545 1931 exceptio
1568 1871 1651 1929 quoe

385 1966 474 2027 valet
496 1965 530 2024 in
552 1961 661 2021 dativo
683 1958 909 2034 pronominum
932 1956 1150 2032 personalium
1172 1977 1223 2033 μοι
1246 1974 1293 2016 σοι
1316 1977 1360 2016 τοι
1382 1957 1444 2017 ἔοι.
1464 1957 1534 2017 vid.
1553 1955 1652 2017 cobet

387 2066 587 2135 Mnemosyn.
614 2060 698 2120 1875
722 2073 752 2133 p.
766 2058 840 2133 882,
861 2072 924 2117 τοο
942 2056 1101 2118 Leeuwen
1121 2057 1320 2130 Mnemosyn.
1344 2058 1428 2118 1885
1448 2072 1479 2132 p.
1499 2056 1649 2117 188215.

430 2164 555 2225 illisum
578 2180 629 2237 μοι
651 2159 808 2234 reperitur
829 2158 864 2218 in
887 2158 980 2218 textu
1003 2157 1121 2219 tradito
1144 2157 1195 2218 hle
1219 2157 1314 2218 loeis:

476 2263 508 2338 ὃς
531 2257 557 2341 μ’
583 2260 685 2321 ἔθελεν
707 2258 841 2336 φιλότητι
863 2258 1022 2338 μιγήμεναι
1044 2255 1100 2318 οὐκ
1122 2255 1277 2342 ἐθελούσῃ.
1346 2261 1370 2318 Ζ
1397 2262 1470 2321 luo.

474 2356 552 2424 fciet
578 2357 631 2441 ἔμε
653 2353 693 2437 μ’,
715 2349 738 2418 ὦ
760 2352 893 2418 πολύαιν’
914 2351 1048 2417 Ὀδυσεῦ.
1345 2361 1364 2418 Ι
1388 2361 1453 2420 673
1477 2361 1504 2417 1(
1530 2360 1603 2419 544.

476 2465 569 2542 dedas,
590 2461 683 2540 φίλοι,
704 2453 802 2537 ταίμ’
829 2458 882 2544 οἴῳ
904 2455 1036 2538 ἀμύνετε.
1348 2461 1382 2520 Ν
1406 2461 1479 2522 481.

474 2565 567 2628 ταῦτά
590 2558 615 2643 μ’
641 2559 826 2643 ἀγειρόμενοι
847 2554 919 2639 θάμ’
943 2556 1065 2640 ἐβάζετε.
1346 2563 1380 2622 Π
1401 2563 1463 2623 207
1485 2559 1519 2640 ¹).

474 2679 514 2752 τῷ
537 2661 564 2746 μ’
589 2662 691 2738 οὔτις
714 2667 844 2724 Δαναῶν
866 2661 1062 2742 νεμεσήσεται.
1348 2666 1373 2723 Ρ
1395 2666 1467 2726 100.

474 2781 514 2858 τῷ
537 2763 563 2849 μ’
588 2765 626 2832 οὔ
647 2791 675 2829 τι
697 2763 768 2846 μετὰ
791 2762 877 2849 φρεσὶ
898 2773 990 2827 ταῦτα
1014 2762 1131 2846 μέμηλε.
1348 2769 1374 2828 Τ
1394 2769 1457 2830 213
1480 2765 1514 2846 ²).

473 2868 572 2953 actp'
599 2868 636 2934 οὔ
658 2869 725 2931 τινά
745 2892 823 2949 φημι
843 2862 848 2952 )
867 2865 957 2930 ἄλλον
979 2866 1156 2949 ἐπιπλήξειν.
1348 2871 1383 2930 Ψ
1403 2871 1477 2932 579.

471 2977 491 3057 ἦ
514 2971 540 3056 μ’
566 2975 620 3060 οἴῳ
641 2971 779 3054 Ημμοντι
801 2970 968 3050 συνήντετο.
1345 2971 1363 3032 δ
1387 2976 1461 3036 367.

473 3079 549 3140 δῶκε
572 3074 605 3138 δέ
627 3097 677 3155 μοι
700 3072 831 3153 ἐκδείρας
854 3070 947 3134 ἀσκὸν
961 3070 1040 3152 ’βοὸς
1063 3069 1219 3152 ἐννεώροιο
1341 3096 1359 3134 ν
1385 3078 1424 3135 19
1450 3070 1483 3152 ³).

471 3179 498 3241 st
519 3178 575 3260 γάρ
598 3176 641 3249 τίς
663 3171 689 3254 μ’
715 3173 788 3254 ἄλλο]
811 3169 917 3256 ys...)
947 3169 1025 3235 ταῦτ’
1050 3168 1168 3235 ἑλθοῦέ
1193 3172 1307 3255 ἤγγειλε
1343 3189 1369 3253 ψ
1393 3179 1445 3237 21.

427 3281 555 3343 Veteris
595 3278 692 3339 huius
732 3277 833 3338 moris
867 3275 1004 3350 vestigia
1045 3277 1128 3353 apud
1163 3277 1289 3338 Atticos
1323 3281 1433 3338 servat
1467 3277 1647 3339 interiectio

382 3381 472 3461 οἴμοι,
504 3395 586 3455 quae
615 3380 700 3454 apud
732 3379 982 3453 Aristophanem
1016 3377 1145 3454 saepius
1176 3377 1256 3438 elisa
1284 3379 1442 3452 reperitur
1464 3377 1556 3457 (Aah.
1582 3379 1647 3440 590

382 3483 477 3559 vesp.
515 3482 599 3542 1448
628 3479 710 3540 liuh.
744 3479 828 3539 1288
859 3476 934 3556 etc.)
957 3480 990 3539 et
1012 3479 1114 3540 semel
1144 3479 1326 3551 iterumque
1348 3481 1432 3554 apud
1455 3479 1645 3556 Sophoclem

382 3582 445 3660 (ai.
482 3582 557 3657 854,
592 3579 654 3642 587
688 3581 763 3641 Ant.
788 3579 863 3655 820,
901 3575 1009 3656 1270).
1044 3579 1152 3640 Etiam
1182 3579 1378 3641 locutionem
1408 3577 1445 3640 cd
1469 3576 1495 3658 μ’
1522 3577 1647 3661 diplom,

416 3811 434 3874 ¹)
450 3815 506 3862 Ηοο
531 3813 588 3860 leco
610 3813 696 3859 ntrnm
722 3830 763 3871 μοι
784 3812 894 3859 soluerit
916 3815 991 3872 pocta
1014 3813 1061 3870 (sio
1082 3813 1162 3860 solsol.
1187 3814 1220 3860 V:
1244 3813 1286 3868 „ad
1310 3817 1392 3878 πλῆρες
1411 3809 1480 3878 μεθ’)
1498 3828 1529 3861 au
1547 3832 1577 3872 pa
1594 3811 1643 3879 (sio

380 3894 460 3942 schol.
478 3889 511 3958 Δ)
534 3893 660 3940 incertum
681 3895 728 3938 est
750 3891 929 3938 accusativum
947 3891 991 3950 qui
1008 3889 1169 3954 intellegunt,
1186 3895 1326 3953 provocant
1343 3893 1374 3939 ad
1392 3906 1493 3942 versum
1514 3900 1524 3940 l
1542 3895 1582 3954 ue,
1599 3893 1643 3954 qni

379 3976 466 4022 umen
489 3972 593 4034 spurius
615 3984 672 4018 esse
696 3969 803 4018 ridetur.
826 3970 1001 4018 Aristarchum
1026 3985 1075 4018 non
1097 3991 1137 4030 μοι
1155 3973 1200 4020 sed
1217 3992 1246 4031 pa
1263 3973 1424 4033 supplevisse
1442 3973 1579 4020 verisimile
1596 3977 1643 4034 est,

379 4065 535 4113 quamquam
558 4063 609 4098 non
632 4061 678 4110 pro
702 4051 772 4096 certo
789 4049 816 4096 ld
834 4051 920 4110 potest
936 4049 1005 4097 oinct
1022 4063 1036 4096 s
1052 4051 1138 4098 serbis
1156 4052 1247 4099 scholii
1264 4053 1293 4113 Δ,
1316 4051 1361 4098 uhi
1378 4051 1443 4099 iraeo
1460 4053 1576 4112 quaestio
1593 4067 1643 4099 neu

379 4132 492 4191 ungitm
516 4129 563 4178 aed
588 4127 765 4176 tantummodo
791 4127 824 4174 de
846 4127 939 4174 litteris
965 4131 1115 4176 TAr'l'AM
1137 4143 1221 4177 ταττιιο
1242 4133 1290 4190 ast,
1314 4143 1378 4188 quas
1401 4129 1562 4178 Herodianus
1584 4144 1643 4179 unm

377 4208 526 4258 Aristarcho
548 4205 765 4266 interpretabatur
780 4208 854 4253 ταῦτά
869 4205 904 4262 μ’,
921 4205 1057 4254 oblocutus
1079 4207 1189 4254 (tratetis
1206 4207 1333 4268 discipulo
1350 4209 1485 4270 Hermeae,
1502 4210 1546 4268 qul
1564 4211 1643 4269 partl-

378 4289 462 4337 eniam
480 4287 629 4348 ipsiusne
647 4284 812 4332 contenderat
828 4279 902 4349 (ascl
921 4285 961 4341 ὅρι’
981 4285 1021 4332 rel
1040 4285 1127 4346 potins
1145 4287 1283 4346 eoece‘dp’).
1301 4287 1339 4334 nx
1354 4299 1405 4346 qna
1414 4287 1643 4336 controversiahoo

376 4372 463 4417 tamen
486 4366 617 4426 discimus,
641 4366 741 4411 veteres
769 4364 872 4410 criticos
896 4377 944 4410 non
968 4367 1036 4410 diui
1051 4364 1097 4412 sod
1115 4377 1191 4412 unam
1209 4366 1320 4414 litteram
1339 4369 1369 4412 Μ
1386 4367 1412 4414 in
1428 4367 1483 4413 suis
1501 4366 1574 4414 libris
1594 4368 1642 4414 hoo

376 4447 433 4494 loco
450 4445 603 4507 repperisse.

409 4525 432 4588 ¹)
449 4527 478 4574 ln
497 4526 628 4588 plerisque
646 4525 719 4573 codd.
737 4527 778 4573 eat
793 4529 820 4573 το
836 4545 885 4588 μοι,
903 4541 952 4574 non
970 4529 1048 4584 recte,
1066 4526 1098 4574 oi.
1117 4527 1132 4588 5
1151 4527 1191 4574 ec.

409 4605 555 4668 ³)Oodloea
580 4620 670 4656 omnes
695 4605 720 4653 di
740 4624 781 4666 μοι
807 4607 852 4654 lad.
875 4599 979 4664 haberit,
1005 4607 1080 4668 pleno
1102 4607 1245 4669 perscripto
1270 4607 1433 4668 prooemium
1459 4607 1492 4654 ci.
1518 4606 1638 4655 Lndwtolr

375 4689 451 4737 Arist
468 4687 496 4736 11
513 4701 537 4748 p.
557 4689 596 4735 2ο.
623 4688 675 4735 Ant
699 4684 816 4735 voculam
842 4687 867 4734 u
890 4691 936 4736 ant
957 4688 1174 4748 praepositionem
1199 4691 1234 4736 ta·
1258 4701 1315 4736 esse
1336 4687 1472 4736 delendam
1489 4686 1550 4734 olim
1568 4687 1640 4734 inere

374 4767 419 4826 qni
435 4767 614 4829 opinabantur.
637 4765 733 4826 quibua
753 4765 877 4813 IaBeohs
901 4767 927 4813 ln
951 4766 1063 4814 editions
1080 4768 1169 4814 oritioa
1190 4769 1246 4814 iure
1264 4779 1305 4815 ess
1322 4767 1466 4814 oblocutus.
1488 4768 1554 4826 hpte
1579 4777 1638 4812 oon-

374 4845 464 4893 tnieris
488 4845 648 4907 epitaphium
674 4845 787 4894 Atticum
810 4843 907 4892 aaeonii
929 4843 979 4891 111¹
996 4845 1100 4892 horrido
1122 4849 1202 4893 metro
1223 4845 1396 4906 psrsorlptnm
1413 4845 1502 4892 Kalbei
1520 4845 1565 4891 td:
1590 4845 1640 4896 clue

373 4928 472 4992 χάριτάς
488 4943 528 4985 μοι
545 4925 675 4972 deidonus.
