3958 5696
315 694 336 768 ss
361 698 437 770 815]
925 701 989 762 ban

314 885 385 946 tam
420 899 634 962 aspernamur
667 887 702 950 et
735 886 819 950 inter
848 887 958 949 inania
988 889 1184 965 commenta,
1215 903 1298 962 quae
1329 888 1370 949 ab
1400 887 1470 962 ipso
1493 888 1589 962 poeta

314 985 504 1063 refutentur,
529 987 742 1063 repellimus?

358 1184 474 1246 Aliena
492 1188 532 1247 ab
552 1187 642 1262 epioe
662 1189 695 1248 et
715 1189 846 1250 omnino
869 1205 890 1250 a
910 1188 1037 1265 poetica
1060 1188 1197 1251 dictione
1219 1189 1273 1250 est
1294 1187 1477 1250 Atticorum
1501 1201 1587 1263 prae·

312 1285 429 1360 positio
452 1281 491 1358 ὡς
504 1286 598 1360 κείς.
623 1287 711 1364 Quod
734 1291 847 1350 autern
870 1311 887 1368 ρ
912 1290 976 1351 218
1001 1289 1035 1350 in
1057 1290 1173 1351 multis
1195 1290 1361 1365 mecriptis
1383 1288 1503 1364 iegitur

534 1385 574 1461 ὡς
597 1385 656 1450 uisi
678 1388 730 1450 τὸν
753 1385 858 1468 ὁμοῖον
881 1385 945 1471 ἄγει
969 1387 1041 1462 θεὸς
1064 1385 1112 1463 ὡς
1132 1388 1184 1452 τὸν
1208 1386 1322 1469 ὁμοῖον,

311 1488 343 1550 id
374 1490 403 1550 si
432 1492 558 1552 cerium
590 1494 687 1574 osset,
721 1509 854 1555 versum
884 1494 916 1555 in
948 1493 1059 1556 Attica
1088 1509 1161 1556 sero
1183 1495 1299 1555 natum
1323 1506 1396 1554 esse
1419 1490 1585 1565 arguerem

311 1592 368 1652 sad
396 1592 474 1652 nihil
508 1593 617 1654 obstat
649 1595 823 1668 quominus
846 1591 875 1666 ἐς
900 1593 962 1667 (εἰς)
985 1595 1168 1656 scribamus
1191 1594 1353 1656 codicibus
1376 1607 1440 1653 non
1464 1591 1586 1652 invitis.

313 1693 463 1756 Fortasse
486 1695 645 1771 particula
668 1692 717 1774 ὡς,
741 1696 825 1757 unde
849 1711 964 1758 versus
987 1695 1109 1774 incipit,
1133 1696 1250 1758 erroris
1273 1694 1384 1757 extitit
1406 1708 1515 1755 causa.

357 1901 387 1960 5.
412 1899 645 1976 Praepositioni
667 1897 699 1960 ἐν
723 1915 820 1977 saepe
843 1899 1048 1976 subiungitur
1072 1900 1148 1976 iota,
1171 1899 1303 1962 locatlvi
1323 1899 1351 1972 (5
1370 1899 1423 1969 48)
1445 1896 1585 1972 signum.

311 2001 349 2061 In
369 2002 464 2062 textu
484 2002 603 2064 tradito
624 2017 850 2076 nonnusquam
871 1999 903 2062 ἐν
922 2017 1009 2064 nunc
1027 2001 1091 2077 legi
1110 2003 1165 2063 ubl
1180 2004 1276 2077 poeta
1287 1998 1329 2062 ivi
1342 2001 1406 2063 dici
1418 1999 1586 2077 voluisset,

309 2101 460 2164 credibile
479 2105 547 2178 est;
569 2104 632 2165 vid.
653 2120 705 2166 ex.
718 2119 764 2180 gr.
780 2106 877 2166 3661
901 2101 999 2183 τράφη
1020 2100 1062 2184 ἐν,
1081 2102 1136 2165 alii
1148 2104 1235 2165 recte
1246 2096 1332 2181 τράφ’
1346 2098 1391 2162 tvl
1404 2103 1454 2173 (oi.
1467 2099 1487 2178 β
1499 2102 1585 2171 aba).

309 2205 422 2278 Itaque
445 2220 496 2265 ex.
520 2221 566 2280 gr.
591 2228 602 2265 ι
626 2206 690 2267 535
714 2222 771 2281 pro
791 2204 871 2284 εὕροι
892 2199 921 2264 d'
947 2201 979 2264 iv
999 2202 1120 2282 πήματα
1138 2203 1233 2288 ininp
1253 2204 1362 2265 nescio
1382 2219 1424 2264 an
1443 2201 1587 2278 praestet

310 2301 364 2380 ivi,
394 2304 433 2366 ci.
464 2307 590 2367 Beirker
621 2306 716 2368 Hom.
749 2307 846 2368 Blatt.
877 2323 907 2382 p.
935 2307 1015 2380 145;
1048 2306 1105 2367 aed
1135 2305 1258 2366 incerta
1289 2305 1366 2366 sunt
1390 2303 1479 2378 talia,
1503 2317 1586 2376 quae

310 2405 435 2479 passim
466 2409 647 2484 occurrunt,
678 2422 782 2480 neque
804 2407 903 2482 igitur
932 2409 1056 2468 temere
1087 2405 1307 2481 sollicitanda
1339 2405 1403 2467 vid.
1431 2403 1584 2466 LaRoolra

311 2507 406 2568 Hom.
450 2507 580 2568 Unters.
620 2509 651 2568 11
685 2525 714 2584 p.
752 2510 814 2569 189
849 2500 1174 2582 septemontium
1207 2509 1320 2570 tamar
1355 2523 1396 2569 ne
1430 2508 1584 2582 putemus

312 2607 513 2683 primitivam
544 2610 684 2670 formam
714 2605 760 2669 ivi
785 2609 917 2671 elisione
942 2610 993 2671 vel
1016 2609 1171 2671 recisione
1195 2609 1318 2672 vomite
1341 2607 1528 2685 posterioris
1551 2605 1584 2666 in

312 2709 574 2783 monosyllabum
594 2706 626 2769 iv
656 2710 790 2786 ablisse;
815 2726 898 2784 quae
921 2710 1027 2788 opinio
1050 2712 1084 2773 et
1106 2710 1179 2772 aliis
1202 2710 1404 2785 argumentis
1427 2707 1585 2770 refellitur

313 2812 347 2870 et
375 2811 623 2886 praepositionis
654 2810 706 2887 εἰς,
736 2813 768 2872 id
798 2812 851 2872 est
877 2807 949 2890 ἐν-ς,
971 2811 1234 2889 conformatione,
1257 2826 1340 2886 quae
1363 2809 1503 2887 priscam
1526 2809 1585 2870 ior·

315 2926 404 2971 marn
428 2908 461 2971 ἐν
483 2912 585 2972 fuisse
608 2912 711 2974 docet.

360 3013 528 3090 Quoniam,
556 3013 588 3076 id
611 3014 695 3088 quod
717 3017 870 3077 accentus
893 3014 1033 3077 reiectus
1055 3015 1186 3093 iudicat,
1209 3013 1374 3077 artissime
1397 3027 1472 3074 cum
1496 3024 1586 3073 voca·

316 3117 390 3179 bulo
413 3117 595 3192 insequenti
620 3117 773 3180 coalescit
795 3118 989 3194 praepositio
1010 3114 1042 3179 iv
1061 3120 1095 3181 et
1112 3133 1170 3196 pro
1192 3118 1298 3195 prima
1319 3115 1417 3178 buius
1440 3113 1587 3177 vocabuli

315 3220 442 3296 syllaba
474 3224 674 3300 numeratur,
710 3222 806 3284 metri
845 3237 944 3285 causa
977 3222 1108 3300 produci
1142 3224 1250 3300 potest
1282 3237 1322 3284 ea
1362 3220 1485 3283 ratione
1523 3232 1589 3293 qua

317 3338 434 3385 vocum
464 3323 603 3403 scopando
634 3322 765 3397 ἒλᾶτινος
796 3323 920 3404 {spania
951 3321 1085 3398 ἐπίτονος
1115 3326 1242 3401 syllaba
1271 3324 1405 3386 initialis
1434 3323 1496 3384 sub
1520 3321 1587 3384 ictu

315 3426 463 3487 collocari
487 3427 608 3502 potuit;
634 3427 697 3489 vid.
711 3428 730 3497 5
743 3430 794 3489 21.
816 3429 929 3502 itaque
949 3428 1062 3490 eadem
1082 3429 1153 3505 lege
1175 3429 1326 3491 tenentur
1343 3443 1395 3490 ex.
1409 3443 1455 3502 gr.
1473 3416 1589 3498 ἒνόδιος

316 3529 413 3601 atquo
444 3518 476 3587 ἐν
498 3525 601 3612 ἀγορῇ.
625 3529 777 3591 Praestat
799 3532 910 3591 autern
933 3528 1093 3591 eiusmodi
1117 3531 1353 3606 productiones,
1377 3545 1460 3604 quae
1484 3527 1589 3590 metro

315 3630 450 3704 urgente
472 3629 543 3692 sola
566 3630 599 3690 vi
622 3631 707 3692 ictus
731 3630 823 3708 liunt,
848 3631 968 3706 scripto
991 3647 1056 3693 non
1076 3631 1233 3708 indicare;
1255 3632 1364 3693 minus
1385 3633 1472 3693 recte
1491 3629 1589 3704 igitur

315 3729 452 3810 εἰνόδιος,
489 3730 534 3792 εἰν
565 3729 659 3819 ἀγορῇ
683 3735 743 3796 eto.
777 3734 874 3796 scribi
904 3734 998 3809 solet,
1030 3733 1162 3796 omnino
1192 3736 1304 3797 autem
1340 3731 1502 3796 reicienda
1539 3733 1591 3793 est

315 3834 421 3907 opinio
452 3849 563 3896 eorum
596 3837 651 3910 qui
677 3837 833 3912 putarunt
864 3837 1111 3912 praepositionis
1148 3833 1180 3896 ἐν
1214 3851 1334 3898 novam
1366 3836 1507 3896 iormarn
1537 3831 1593 3910 εἰν,

316 3935 482 4008 epentheal
505 3951 588 4010 quae
610 3937 728 3998 dicitur
751 3937 822 3998 soni
845 3937 912 3998 iota
934 3938 1057 4012 natam,
1078 3937 1110 3997 ln
1131 3938 1222 4013 spica
1240 3937 1351 4010 lingua
1376 3936 1536 3998 extitisse.

363 4034 455 4095 lietri
485 4051 585 4097 causa
616 4038 664 4098 ita
693 4039 731 4097 ut
761 4037 906 4098 diximus
928 4037 1083 4113 producta
1106 4038 1263 4112 reperitur
1285 4036 1479 4111 praepositio
1502 4030 1535 4094 io
1558 4034 1591 4093 in

320 4134 452 4195 vocibus
482 4128 514 4194 ἐν
545 4133 639 4220 ἀγορῇ
667 4139 701 4194 Η
723 4137 786 4196 382
812 4139 884 4208 eto„
909 4128 941 4195 ἐν
963 4135 1084 4196 lifidoo
1108 4139 1140 4196 Χ
1160 4138 1201 4197 52
1222 4137 1295 4213 eto,
1315 4127 1347 4195 b
1361 4129 1469 4216 Ἰθάκῃ
1487 4133 1507 4211 β
1527 4134 1591 4192 aad

321 4237 393 4312 otc„
417 4227 449 4295 ἓν
470 4231 605 4316 Ἀρίμοιέ
632 4240 657 4297 Β
680 4238 744 4300 783
768 4237 847 4298 Hes.
871 4237 989 4312 i'heoss.
1013 4238 1089 4314 304,
1117 4228 1141 4309 ⁸)
1160 4227 1193 4296 ἒν
1211 4231 1355 4321 Ἐρυθείῃ
1375 4236 1453 4298 Hae.
1473 4233 1591 4308 Theog.

356 4479 377 4546 ¹)
392 4484 455 4540 :livi
469 4485 539 4532 stebi
556 4485 725 4547 regoimissip
742 4486 777 4534 im
796 4488 835 4533 be·
859 4485 953 4544 imese
970 4485 1006 4533 irn
1026 4486 1073 4541 1²⁸,
1090 4485 1130 4532 i‘*
1151 4483 1205 4532 nnd
1228 4483 1384 4532 nanneniiioh
1400 4483 1434 4532 im
1455 4485 1495 4531 it·
1513 4483 1594 4532 rom

322 4577 386 4619 ,nur
410 4577 456 4610 ror
480 4565 609 4613 vocalisoh
632 4565 803 4615 aniantendan
824 4567 940 4614 wdrtern
960 4565 1025 4627 [und
1041 4554 1075 4626 f]
1092 4563 1146 4612 und
1162 4563 1189 4611 in
1207 4563 1253 4612 der
1270 4563 1448 4625 Anubophee
1465 4577 1511 4612 vor
1528 4563 1594 4612 Oon·

321 4644 460 4698 ,aonanian
487 4643 556 4690 steht
581 4645 616 4692 inr
645 4646 691 4710 1⁸¹,
713 4649 752 4695 2⁰¹²
775 4645 828 4694 und
850 4647 889 4693 μ·
908 4644 972 4694 Fusa
988 4644 1158 4706 ragaimtasig
1185 4643 1238 4692 und
1256 4643 1290 4692 im
1308 4645 1347 4692 8‘·
1363 4643 1429 4693 Fusa
1445 4643 1538 4692 immor
1554 4643 1595 4692 δι”

352 4722 445 4768 .iii.

322 4719 376 4862 (¹²²,
393 4717 552 4850 i’ozriciiorrlo
577 4819 662 4854 erroro
689 4820 704 4852 o
729 4807 823 4854 traditu
851 4807 962 4854 looiiono
990 4807 1196 4854 liruai'mora·
1216 4804 1344 4865 Vergilius
1362 4805 1462 4853 niiinnit
1479 4803 1595 4867 'i'ypirooi

322 4883 414 4932 dorum
435 4883 522 4932 onbiio
541 4883 647 4932 inarime
663 4887 725 4934 Aen.
744 4887 778 4935 lx
798 4888 855 4936 ilii.
