3848 5688
950 676 991 740 to
1525 681 1554 752 [ἓ
1578 679 1595 742 7

335 861 455 938 ἀκλειῶς
498 866 548 936 (ci.
584 867 602 936 ἓ
637 868 753 938 71-73).
797 867 920 941 Nempe
965 869 1090 930 veteres
1128 871 1278 930 cantores
1313 865 1416 942 δόλιος
1450 867 1597 941 ontifleog

335 966 461 1039 σπέ(λ)ε“ι“
488 965 664 1038 σττε(λ)εέσσι
693 967 806 1047 κρεάων
838 966 1015 1045 εὐρρε(ό)εός
1047 967 1205 1040 όιιιλε(ό)ἐες
1229 966 1398 1042 τἰιιλε(.ῑ)ε’ως
1422 970 1600 1031 debuerunt

335 1071 440 1132 dicere
470 1073 507 1129 ut
536 1069 597 1129 sibi
620 1070 815 1144 constarent,
840 1082 943 1142 neque
966 1069 1053 1130 iusta
1076 1084 1175 1130 causa
1197 1072 1304 1144 potest
1329 1071 1463 1132 indicari
1486 1087 1543 1132 cur
1566 1073 1598 1130 in

334 1171 386 1230 his
421 1168 584 1230 vocabulis
617 1169 806 1229 deilexerint
837 1183 856 1228 a
887 1169 1011 1242 legibus
1051 1171 1215 1230 sexcentis
1246 1171 1320 1231 eliis
1354 1171 1433 1232 locis
1464 1171 1601 1232 fideliter

336 1273 532 1346 observatis;
567 1271 596 1331 si
632 1285 707 1330 vero
738 1271 845 1330 Attice
877 1272 956 1331 haec
986 1271 1142 1332 vocabula
1164 1271 1378 1348 proferuntur,
1409 1272 1492 1334 iiunt
1515 1271 1601 1344 δέους

335 1373 444 1446 octove
467 1369 547 1433 σττέει
571 1368 670 1431 osteor
693 1379 788 1451 κρεῶν
811 1369 932 1448 εὗρεοῦς
956 1368 1067 1444 ἀκλεεῖς
1090 1369 1210 1449 ἀκλεῶς,
1237 1387 1319 1447 quae
1343 1375 1461 1436 Atticis
1483 1375 1602 1435 litteris

337 1477 513 1552 perscripta
542 1475 576 1534 in
607 1473 787 1534 Homerum
817 1473 963 1534 Atticum
990 1476 1093 1535 metro
1122 1475 1223 1536 invito
1245 1477 1458 1552 irrepserunt:
1489 1477 1603 1536 ΔΕΟΣ

336 1578 484 1637 ΣΠΕΟΣ
512 1577 653 1635 ΣΠΕΕΙ
675 1576 845 1634 annexi
865 1576 1009 1635 iiPiJOill
1030 1577 1195 1635 ΕΤΡΕΟΣ
1217 1579 1396 1637 ΑΚΛΕΕΣ
1418 1579 1601 1637 ΑΚΛΕΟΣ.

336 1679 452 1740 Postea
486 1680 522 1738 ut
551 1677 741 1738 tollerentur
771 1677 851 1737 haec
883 1677 1000 1737 menda
1033 1677 1146 1738 infelix
1178 1679 1320 1739 adhibita
1350 1682 1402 1740 est
1424 1681 1600 1754 medicina;

335 1781 409 1841 hinc
439 1781 550 1840 textus
580 1778 711 1838 exhibet
741 1778 863 1838 formes
897 1793 994 1853 supra
1027 1778 1153 1856 allatas,
1181 1795 1263 1854 quae
1286 1795 1390 1854 neque
1413 1781 1603 1842 Homericae

336 1885 414 1944 eunt
444 1897 547 1955 neque
578 1880 705 1941 Atticae
736 1894 839 1954 neque
871 1881 969 1941 ullius
1001 1896 1144 1955 unquam
1170 1884 1299 1944 fuerunt
1322 1882 1452 1946 dialecti
1475 1884 1603 1946 aliunde

210 2045 212 2048 ,
337 1985 494 2060 cognitae,
518 1997 621 2055 neque
644 1983 728 2042 inter
750 1999 786 2043 se
810 1985 1076 2045 consentiunt-
1100 1985 1194 2046 modo
1217 1987 1304 2046 enim
1330 1987 1450 2046 vocalis
1469 2009 1489 2064 η
1509 1987 1604 2047 modo

338 2086 554 2161 diphthongus
585 2104 609 2142 ει
639 2083 678 2143 ad
709 2085 837 2158 longam
869 2086 1030 2159 syllabam
1054 2087 1285 2160 designandam
1310 2089 1361 2146 est
1383 2089 1539 2161 usurpata
1562 2119 1602 2128 -

339 2201 442 2258 neque
472 2184 608 2256 denique
638 2182 671 2243 in
701 2184 771 2259 ipsa
801 2199 909 2244 rerum
940 2188 1057 2246 natura
1089 2201 1162 2246 esse
1192 2188 1337 2261 possunt.
1363 2186 1410 2246 llx
1439 2187 1605 2260 primitiva

338 2285 426 2344 enim
448 2283 582 2356 genitivi
605 2285 709 2344 forma
731 2283 857 2356 ἅθλιος
879 2287 971 2346 nasci
992 2287 1097 2360 potuit
1121 2283 1217 2362 δέους,
1236 2288 1321 2359 quod
1340 2287 1522 2347 Atticorum
1543 2288 1603 2362 est,

340 2386 391 2446 vel
426 2381 519 2455 δέευς,
552 2385 635 2457 quod
668 2385 814 2446 Ionicum
848 2385 948 2447 inisse
981 2387 1091 2464 fertur,
1125 2387 1262 2448 fortasse
1295 2388 1394 2448 etiam
1426 2387 1503 2458 λεῖος
1534 2388 1604 2448 sine

340 2485 419 2546 vitio
450 2484 540 2546 nasci
570 2485 643 2546 inde
665 2487 834 2564 potuisset,
856 2487 964 2561 qualis
986 2489 1097 2548 tamen
1122 2487 1183 2550 ilde
1207 2492 1334 2564 cerent;
1359 2490 1416 2550 sed
1440 2488 1538 2560 δείους
1561 2488 1603 2559 (id

340 2589 393 2648 est
422 2584 528 2658 δεὲεος)
558 2602 621 2648 non
652 2588 718 2648 iam
753 2587 910 2649 Graecum
946 2591 1006 2664 est,
1036 2588 1112 2650 licet
1142 2605 1197 2664 pro
1229 2590 1400 2650 Homerico
1430 2589 1601 2662 aliquando

341 2688 488 2750 habitum
513 2689 565 2748 sit.

386 2789 506 2849 Eadem
530 2789 639 2850 valent
662 2789 701 2850 de
725 2790 857 2850 vocibus
876 2789 996 2868 τητώεις
1018 2793 1051 2851 θλ
1071 2785 1176 2862 ὠτώεις
1196 2793 1229 2852 et
1248 2789 1367 2870 τόρεόεις
1386 2791 1415 2861 (ἓ
1437 2791 1478 2850 70
1495 2793 1529 2850 et
1543 2789 1606 2864 72),

291 2906 294 2912 ’
342 2890 424 2966 φόως
455 2891 483 2960 (S
509 2892 571 2966 71),
605 2887 659 2950 ὅου
692 2892 726 2951 θλ
756 2887 915 2966 ἀδελφειοῦ
946 2891 975 2962 (ἓ
998 2893 1062 2968 59),
1089 2901 1219 2971 παρειῶν
1243 2895 1271 2964 (ἓ
1295 2895 1357 2968 55),
1382 2897 1505 2969 μυθεῖαι
1531 2889 1552 2960 Ι)
1574 2892 1608 2951 θλ

341 2997 418 3052 νεῖαι
441 2992 576 3067 (5191),
608 2991 690 3052 aliis.
726 2990 904 3052 Verborum
936 2993 1126 3066 praesertim
1159 2993 1254 3054 ilexio
1280 2993 1463 3053 huiusmodi
1488 2992 1606 3052 messis

342 3097 393 3156 est
423 3093 634 3154 feracissima.
665 3092 731 3168 Ipsi
754 3093 903 3153 cantores
925 3108 1001 3154 cum
1025 3093 1184 3155 dixissent
1207 3110 1234 3156 e.
1258 3109 1288 3169 g.
1313 3091 1371 3153 ἐάω
1394 3092 1518 3172 υρόχαου
1540 3114 1605 3173 τρο·

340 3194 469 3269 αοὶουοα,
498 3208 580 3266 quse
614 3193 711 3254 verbe
741 3195 914 3269 praebebat
944 3194 1054 3267 lingua
1087 3195 1229 3270 antiqua,
1262 3197 1365 3255 metro
1395 3195 1497 3255 invito
1528 3195 1607 3255 haec

340 3296 489 3356 abierunt
519 3295 551 3354 in
581 3295 667 3355 iadis
697 3296 794 3368 atque
826 3297 954 3356 Atticae
984 3296 1114 3356 dialecti
1147 3311 1242 3356 voces
1266 3293 1303 3354 io
1326 3293 1437 3373 πρόχοον
1460 3303 1607 3374 τρουῶοα,

339 3397 361 3456 i.
385 3411 412 3456 e.
439 3396 494 3454 ΕΟ
519 3395 686 3454 ΤΡΟΧΟΝ
708 3396 910 3470 ΤΡΟΠΟΣΑ,
928 3397 956 3456 ελ
979 3396 1096 3455 Atticis
1117 3395 1236 3455 litteris
1254 3393 1500 3470 perscribimus,
1523 3409 1605 3468 quae

341 3511 416 3556 cum
446 3496 479 3554 in
510 3497 604 3555 textu
627 3496 798 3556 Homerico
823 3495 1040 3571 repperissent
1063 3496 1320 3573 transcriptores,
1346 3497 1450 3557 metro
1474 3497 1607 3570 urgente

341 3597 415 3658 inde
449 3597 593 3658 iecerunt
627 3596 676 3656 εἰῶ
707 3596 825 3676 τρώχων
856 3605 1010 3676 τρωπῶσα,
1040 3598 1182 3683 ethaeo
1213 3597 1279 3657 iarn
1303 3598 1417 3657 extant
1440 3597 1472 3657 in
1497 3611 1607 3656 manu·

341 3698 471 3773 scriptis
501 3713 584 3770 quae
615 3697 655 3758 ed
686 3713 745 3759 nos
767 3699 991 3773 pervenerunt,
1016 3698 1092 3758 licet
1114 3697 1228 3771 longae
1250 3697 1395 3772 syllabae
1420 3696 1459 3756 ελ-
1480 3700 1513 3758 et
1535 3718 1607 3774 τρα-

342 3799 431 3860 nulla
460 3799 583 3860 ratione
606 3798 732 3860 defendi
754 3799 889 3874 possint.
923 3799 1099 3859 videantur
1129 3800 1295 3872 praeterea
1318 3813 1399 3871 quae
1423 3797 1461 3859 de
1485 3799 1609 3860 discissi

342 3915 424 3974 quae
457 3899 585 3976 dicitur,
619 3901 650 3962 id
682 3901 733 3960 est
763 3901 802 3960 de
833 3902 969 3973 cognato
1000 3914 1144 3959 errorum
1175 3913 1302 3972 genere,
1334 3899 1367 3958 in
1398 3899 1416 3968 ἓ
1445 3900 1505 3959 191
1532 3903 1610 3959 sunt

341 4002 523 4076 observata,
555 4004 589 4061 et
617 4002 697 4062 haec
727 4001 862 4075 denique
895 4001 984 4076 vitiu,
1017 4015 1099 4073 quae
1130 4015 1172 4059 ex
1202 3999 1315 4060 eodem
1342 4000 1430 4060 fonte
1453 4000 1607 4074 proiluxe·

342 4103 428 4177 runt,
463 4101 603 4161 indicata
636 4103 751 4162 sunto:
783 4108 950 4180 γουνοῦμαι
980 4115 1036 4175 pro
1066 4108 1219 4180 γουνῶμειι
1243 4100 1474 4178 (ΓΟΝΟΜΑΙ),
1502 4101 1535 4162 id
1557 4103 1609 4161 est

342 4201 525 4282 γουυαομαις
566 4201 718 4262 αἰδεῖσθαι
752 4218 809 4278 pro
844 4201 984 4262 αἴδεσθεν
1019 4201 1263 4273 (ΑΙΔΕΣΘΑΙ).
1298 4201 1447 4276 Duplioes
1483 4217 1609 4277 quoque

342 4304 498 4365 lectiones
532 4301 665 4364 σκιόεντα
700 4305 769 4365 sive
805 4301 951 4364 σκιόωντα
984 4307 1013 4363 A
1045 4305 1118 4380 157,
1152 4300 1314 4381 τροφόεντα
1345 4303 1415 4365 sive
1445 4301 1608 4381 τροφέοντο

342 4428 360 4485 γ
385 4406 459 4481 290,
483 4403 639 4483 μητιόεντα
662 4405 731 4466 sive
754 4405 921 4483 μητιόωντο
945 4403 963 4464 ὃ
987 4406 1061 4481 227,
1084 4402 1232 4485 bonosum
1254 4404 1324 4464 sive
1347 4401 1505 4484 ῥυπόωντα
1529 4405 1545 4476 ζ
1567 4405 1607 4465 87

348 4571 384 4580 ...-
391 4570 566 4579 ---...-.-.

378 4661 397 4726 ¹)
414 4667 501 4727 Aeque
526 4665 619 4713 vitiosa
643 4667 704 4712 aunt
727 4670 825 4724 μυθεῖαι
851 4669 871 4710 θ
894 4664 942 4710 leo
968 4664 995 4710 et
1018 4661 1107 4720 μυθέαι
1129 4667 1146 4724 (λ
1169 4663 1225 4722 aon,
1249 4661 1384 4721 utrobique
1406 4661 1475 4708 enim
1502 4661 1609 4708 formum

339 4744 441 4805 μυθίιαι
465 4745 553 4805 lingue
576 4746 670 4806 poscit,
693 4743 805 4791 admittit
822 4755 921 4805 remus,
938 4741 984 4789 sed
1001 4741 1142 4801 posteriore
1162 4740 1218 4787 ioco
1235 4739 1353 4788 elidonrle
1370 4743 1410 4788 ost
1427 4740 1526 4800 ayllebo
1545 4739 1607 4786 ilus·

344 4827 384 4885 ila,
401 4840 432 4874 ex
449 4825 573 4874 hodierna
591 4825 669 4886 igilur
687 4823 814 4872 scribendi
832 4823 929 4871 rotlouo
945 4820 1027 4882 μυόόι·
1048 4823 1088 4869 oet
1105 4821 1240 4868 edorulnm.
