4100 5724
1020 562 1085 622 486
1563 559 1593 630 [θ
1619 560 1676 619 191

417 742 566 820 catinae,
590 745 720 808 etiamsi
750 760 848 821 quarn
876 746 1020 808 maxime
1043 747 1225 808 abnuamus
1248 745 1422 808 aeolismos
1444 761 1524 820 quos
1548 745 1625 807 ilici
1647 746 1680 806 in

418 848 561 910 carmina
591 847 763 910 Homerica
792 847 939 910 invexit?
971 847 1003 910 si
1033 849 1200 924 participia
1223 843 1396 926 ἀλιτήμενος
1420 845 1575 927 διζήμενος
1598 847 1680 926 τιθη-

417 972 505 1030 μετος
535 951 619 1012 haud
650 949 755 1010 aliena
781 951 859 1012 sunt
881 966 900 1012 a
923 965 1072 1012 sermone
1096 952 1195 1028 apice,
1220 949 1331 1025 quidni
1355 950 1537 1012 tribuantur
1560 951 1590 1010 ei
1614 945 1680 1026 δρή-

417 1073 515 1130 aecor,
543 1048 698 1128 ἀλήμενος,
725 1049 904 1129 πονήμενος,
935 1049 1106 1128 φοβήμενος
1141 1055 1174 1112 et
1200 1051 1347 1112 similia?
1369 1051 1403 1112 Si
1427 1051 1549 1112 formas
1571 1048 1682 1126 ἐδάμνᾱ

417 1151 544 1212 uaniora
567 1149 667 1232 ἐκίηνᾱ
688 1150 787 1231 elwa,
807 1168 888 1227 quas
910 1153 1042 1229 praebet
1064 1155 1176 1216 textus
1200 1153 1363 1231 vulgatus,
1382 1154 1483 1214 critici
1502 1153 1682 1228 complures

418 1255 587 1315 mutarunt
616 1254 649 1314 in
680 1251 780 1334 1τ1ηνη
811 1250 923 1332 lidum
954 1253 1083 1332 καθίστη
1114 1255 1203 1332 ττ1τνη
1219 1253 1248 1330 ¹),
1279 1255 1408 1315 instans
1432 1269 1531 1316 eausa
1554 1257 1606 1314 est
1627 1269 1682 1314 cur

417 1355 586 1417 simillima
604 1355 793 1431 imperfecta
804 1351 884 1434 ηὖδη
904 1353 1007 1433 lonico
1019 1356 1212 1418 abhorreant
1223 1355 1256 1429 ¹),
1278 1354 1353 1417 licet
1371 1354 1519 1432 -αυόητην
1540 1356 1571 1415 in
1591 1357 1682 1416 textu

417 1458 535 1519 tradito
553 1457 679 1532 legatur
698 1461 727 1516 A
742 1459 804 1518 136
817 1459 848 1517 Χ
858 1461 910 1535 90,
924 1462 981 1520 aut
1001 1455 1088 1538 ὁρᾶτο
1109 1459 1225 1519 malint
1243 1458 1383 1520 scribere
1404 1472 1479 1518 cum
1497 1457 1682 1518 Aristarcho

417 1573 515 1632 quam
549 1555 636 1636 ὅρητο
670 1573 745 1618 cum
780 1559 940 1622 Zenodoto
973 1560 1024 1631 (ci.
1062 1559 1161 1620 schol.
1198 1562 1226 1617 A
1249 1561 1302 1634 56,
1335 1557 1435 1636 lesi?
1464 1559 1571 1619 Immo
1601 1559 1683 1618 banc

416 1658 555 1720 formam
589 1660 795 1720 commendat
825 1661 966 1720 secunda
999 1674 1135 1735 persona
1164 1658 1329 1720 indicativi
1362 1657 1460 1738 ὅρηαι,
1481 1674 1557 1720 cum
1588 1658 1682 1736 δίζηαι

417 1757 641 1834 comparanda,
664 1773 746 1832 quae
770 1759 886 1833 legitur
908 1759 1007 1831 1313
1030 1761 1064 1820 et
1086 1760 1118 1819 in
1145 1757 1302 1834 Oreophili
1327 1761 1524 1834 fragmento:
1549 1751 1572 1818 rb
1595 1760 1680 1840 γύναι

417 1859 554 1942 (οὐγὰρ)
577 1869 668 1920 ταῦτα
692 1856 724 1920 ἓν
747 1857 949 1940 ὀφθαλμοῖσιν
973 1860 1067 1942 ὅρηαι.
1092 1862 1137 1923 ci.
1162 1863 1181 1932 ἓ
1206 1864 1223 1922 7
1248 1877 1318 1937 pag.
1343 1863 1395 1922 tl.

461 1963 639 2025 Verborum
669 1965 778 2024 autem
810 1964 842 2025 in
873 1961 931 2024 -clo
961 1963 1178 2026 desinentium
1210 1964 1332 2026 iormas
1364 1959 1583 2042 διτττεττμὲνας
1605 1979 1625 2024 a
1648 1963 1680 2024 P.

417 2065 571 2141 Knightic
602 2063 773 2125 damnatas
803 2081 875 2126 csse
907 2081 1004 2141 supra
1036 2066 1187 2142 vidimus,
1216 2081 1320 2140 neque
1343 2064 1437 2126 aliter
1460 2066 1499 2127 de
1519 2066 1559 2126 iis
1582 2067 1683 2126 sensit

417 2168 545 2228 Abrens
575 2165 606 2225 in
639 2165 793 2227 zeitschr.
826 2167 847 2228 1.
871 2167 901 2228 d.
927 2167 1526 2229 hiterthumewiesenschait18tlltn·
1557 2167 1683 2237 101(=

418 2269 461 2328 irl.
492 2267 580 2328 Schr.
611 2267 626 2326 1
654 2282 683 2342 p.
708 2269 800 2337 bblll:
829 2285 882 2344 „es
905 2270 1018 2331 istim
1046 2270 1167 2330 Homer
1188 2268 1291 2330 solbat
1313 2267 1405 2328 keine
1430 2267 1623 2340 Burgschail
1644 2280 1682 2326 zu

421 2367 556 2447 ‚liudem
591 2368 667 2429 dass
701 2367 789 2430 dieas
820 2368 1012 2430 Distraction
1042 2370 1131 2431 nicht
1161 2369 1231 2430 aine
1263 2371 1390 2443 spatiere
1418 2367 1538 2428 salecha
1575 2366 1683 2427 Ortho-

422 2471 571 2549 „graphia
594 2473 677 2533 statt
699 2471 754 2532 der
781 2470 1074 2534 Nichtcontraction
1098 2473 1154 2534 sei.
1179 2471 1268 2533 Denn
1291 2471 1339 2531 sie
1362 2470 1461 2531 findat
1483 2471 1553 2531 sich
1577 2471 1629 2531 nie
1653 2470 1684 2529 in

421 2573 589 2650 „Formam
620 2572 670 2634 bei
697 2572 799 2634 denen
822 2573 873 2634 die
896 2575 1011 2636 aweite
1034 2573 1119 2635 Silbe
1142 2573 1233 2634 nicht
1255 2574 1354 2633 schoa
1380 2573 1516 2633 verder
1539 2571 1681 2633 eontrac-

420 2675 507 2751 „tion
536 2675 636 2736 durch
666 2674 727 2735 den
754 2672 853 2736 Vocal
875 2675 951 2736 oder
974 2676 1074 2738 durch
1098 2675 1240 2738 Position
1264 2673 1339 2748 lang
1362 2675 1468 2734 ware”
1493 2677 1572 2750 etc.;
1599 2674 1686 2734 addit

419 2777 584 2838 ferendam
618 2775 678 2836 sibi
708 2776 807 2836 videri
843 2777 981 2837 formam
1016 2775 1112 2854 ττεηόττ
1148 2792 1204 2852 pro
1238 2775 1348 2852 τεηάω,
1383 2775 1439 2836 sed
1469 2775 1683 2850 suspicionem

419 2890 549 2936 movere
571 2876 693 2935 formas
715 2888 853 2949 quarum
881 2876 997 2936 ultima
1020 2874 1146 2950 syllaba
1168 2877 1213 2935 sit
1237 2878 1373 2950 mutata,
1398 2891 1454 2948 pro
1486 2869 1561 2955 ὁράη
1590 2875 1686 2947 igitur

418 2971 499 3053 ὁράττ
528 2975 696 3051 postulans
727 2979 760 3035 et
790 2971 920 3034 τἰντιάτιτ
951 2990 1006 3050 pro
1037 2973 1171 3036 ἀντιάαν.
1203 2975 1286 3036 Fuso
1313 2973 1426 3034 deinde
1451 2973 1681 3046 Wackernagel

417 3075 450 3135 in
479 3074 635 3135 Bezzenb.
660 3074 757 3135 Beitr.
785 3076 920 3150 18781).
946 3076 1009 3137 259
1034 3089 1103 3148 sqq.
1128 3075 1365 3135 demonstravit
1389 3075 1468 3134 vitio
1494 3075 1590 3133 natas
1613 3088 1684 3133 esse

417 3176 539 3236 formas
569 3174 742 3235 distractas
756 3177 793 3248 ¹);
817 3190 900 3250 quae
923 3176 1033 3236 autem
1058 3175 1090 3234 in
1111 3175 1306 3235 contrariam
1330 3178 1455 3248 partem
1480 3173 1683 3248 disputarunt

418 3273 548 3336 Oenius
577 3272 684 3335 christ
713 3275 842 3335 ilenrad
872 3275 938 3352 alii,
971 3289 1009 3336 ea
1039 3276 1228 3349 singulatim
1260 3289 1345 3336 nunc
1371 3289 1554 3350 oppugnare
1577 3288 1682 3334 nsces-

417 3376 540 3436 sarium
570 3389 633 3433 non
663 3374 799 3450 videtur,
829 3375 887 3435 sed
917 3374 1057 3437 breviter
1083 3375 1232 3449 colligam
1257 3377 1450 3450 argumenta
1475 3375 1593 3449 partim
1616 3373 1679 3434 iam

417 3492 515 3552 supra
537 3476 687 3552 indicata,
711 3491 793 3550 quas
816 3475 963 3538 sufficere
985 3477 1122 3538 arbitror
1144 3477 1183 3538 ad
1204 3478 1286 3538 istae
1314 3477 1436 3536 formae
1463 3474 1681 3535 damnandas:

464 3579 493 3648 1)
516 3576 616 3636 Extra
646 3579 772 3636 textum
806 3576 1013 3637 Homericum
1044 3577 1189 3638 inaudita
1218 3579 1269 3637 est
1295 3576 1462 3637 distractio
1474 3578 1507 3650 i),
1531 3575 1588 3634 sed
1613 3576 1682 3650 ipse

416 3677 561 3740 carmina
584 3675 755 3738 Homerica
773 3677 806 3738 ln
826 3677 994 3738 nominum
1014 3675 1151 3739 flexione
1169 3677 1291 3738 similia
1312 3677 1465 3753 praebent
1487 3676 1582 3737 vitia:
1605 3673 1683 3750 σόος,

416 3778 509 3859 φόως,
531 3777 595 3858 ὅου,
617 3775 744 3839 Atacino
767 3779 876 3856 (zum),
900 3774 1101 3858 ἀστυβοώτην,
1122 3775 1230 3864 νηπιέῃ
1253 3777 1393 3858 νηπιάας.

450 3998 457 4032 ¹
487 4001 543 4050 virt
592 4001 648 4050 iao.

448 3999 471 4144 ²3
487 4080 539 4128 tion
561 4000 634 4127 {arte
658 4080 763 4127 retinuit
787 4079 836 4128 boo
860 4083 1040 4138 argumentum
1065 4079 1203 4138 quominus
1228 4081 1360 4146 τηττηύδττ
1387 4093 1408 4127 a.
1432 4093 1456 4140 g.
1486 4093 1533 4140 pro
1559 4080 1681 4144 προσηύδα

415 4159 586 4206 scriberemus
602 4159 685 4206 nionbl
702 4159 797 4206 sineret
814 4162 923 4206 metrum
940 4155 973 4219 (A
995 4161 1043 4206 aba
1061 4159 1137 4214 11811,
1155 4159 1203 4204 111
1222 4164 1243 4204 Ζ
1262 4160 1309 4205 111
1325 4154 1393 4222 eta),
1411 4159 1500 4206 hucin
1517 4171 1544 4206 re
1560 4159 1684 4205 iacientes

415 4251 474 4285 cum
490 4238 604 4286 Nauohio
622 4237 732 4286 christia
751 4237 837 4284 niolio
854 4238 964 4286 Baebio
981 4238 1046 4285 aliia.
1065 4238 1103 4286 01.
1122 4238 1136 4297 5
1156 4239 1211 4284 isa.

448 4311 470 4381 ι)
487 4317 552 4364 linio
575 4329 696 4364 uacum
719 4319 758 4363 est
775 4316 801 4362 ni
822 4317 896 4364 tollor
915 4317 945 4363 (l.
964 4311 1062 4376 Meyer¹
1079 4331 1104 4378 p.
1123 4318 1183 4364 libr
1204 4317 1261 4374 „dio
1282 4317 1364 4375 Fruge
1383 4317 1448 4364 tiber
1466 4317 1507 4364 die
1524 4318 1682 4376 sogonnnute

416 4395 536 4456 „epieobe
560 4395 729 4454 Zardebnung
755 4395 886 4442 behccme
911 4395 953 4442 iob
979 4397 1018 4442 nin
1044 4396 1101 4442 aine
1132 4395 1204 4442 nieht
1228 4395 1274 4442 der
1304 4395 1482 4454 griechischen
1510 4393 1678 4452 Grammatlk,

415 4473 541 4531 „modern
564 4473 609 4521 der
631 4473 809 4520 homeriocben
826 4472 947 4520 Prosodie
963 4472 1017 4519 und
1040 4473 1132 4520 bietrilr
1156 4486 1223 4533 resp.
1241 4473 1383 4521 'l'extkritik
1401 4471 1581 4533 nugatoriae?
1603 4473 1683 4519 Aliort

414 4551 507 4599 deinde
524 4551 655 4610 complura
672 4550 769 4611 scripta
786 4551 812 4597 in
829 4550 923 4609 quibua
939 4551 1003 4597 haec
1021 4551 1137 4610 quaestio
1154 4554 1194 4597 eet
1211 4551 1342 4599 ventilata.

447 4627 469 4692 ⁴)
484 4631 548 4678 Num
574 4629 642 4690 apud
665 4629 821 4676 Herodotum
848 4632 948 4686 κομόωσι
966 4629 1000 4674 iv
1019 4629 1064 4677 rai
1084 4633 1110 4675 et
1128 4631 1256 4691 tropicam
1274 4630 1307 4675 vi
1328 4633 1354 4675 li
1378 4629 1565 4688 consectatori
1585 4626 1680 4674 deben-

415 4711 457 4756 tur
474 4707 519 4754 ned
537 4707 655 4766 librariis,
673 4709 777 4754 Homeri
795 4707 973 4768 intempestive
991 4707 1155 4754 memorihua.
