4272 5792
1084 618 1138 664 niv

522 791 563 852 lit
592 805 668 852 cum
697 806 753 867 pro
777 791 914 854 sacratis
937 791 1042 866 magis
1066 793 1235 866 magisque
1258 793 1452 854 haberentur
1475 805 1557 866 quae
1581 788 1742 852 Homerus

478 893 626 972 dixisset,
647 899 679 956 et
698 893 790 956 nolas
808 893 970 956 videratur
990 894 1069 955 talia
1080 895 1267 956 addubitare
1289 893 1320 973 ¹),
1334 910 1447 957 versus
1459 911 1500 956 ex
1513 893 1583 954 eins
1595 891 1743 966 operibus

479 997 657 1074 deprompti
688 997 731 1058 ibi
761 1013 886 1074 quoque
917 997 970 1058 ubi
1001 999 1086 1060 seria
1117 1001 1214 1073 atque
1236 999 1432 1074 gravissima
1453 997 1631 1072 agebantur
1653 1011 1743 1070 argu·

479 1099 581 1161 menti
619 1100 687 1160 ioco
721 1101 853 1176 proferri
886 1099 1042 1162 solebant.
1078 1101 1130 1162 Sic
1163 1100 1318 1162 Gelonem
1353 1101 1594 1176 Syracusanum
1629 1099 1743 1160 classis

479 1199 619 1261 Graecae
649 1200 822 1275 imperium
853 1200 1059 1262 affectantem
1083 1201 1331 1262 Atheniensium
1359 1201 1457 1276 legati
1481 1217 1537 1277 spe
1560 1201 1745 1262 deiecerunt

479 1301 589 1362 allatis
618 1302 786 1362 versiculis
816 1301 928 1362 iliadis
959 1301 1012 1362 ubi
1043 1301 1248 1363 Menestheus
1271 1303 1479 1363 Atheniensis
1502 1303 1568 1363 dux
1591 1303 1642 1362 sui
1665 1305 1743 1363 tern-

479 1401 566 1477 porie
594 1402 628 1462 iu
658 1402 728 1462 acie
759 1402 934 1464 ordinanda
956 1403 1175 1478 peritissimus
1198 1407 1331 1464 vocatur
1351 1400 1391 1478 ’);
1415 1405 1455 1464 ad
1478 1403 1608 1465 eosdem
1632 1403 1741 1464 autern

397 1525 403 1534 ·
481 1519 595 1564 vorsus
620 1502 659 1564 dt
680 1504 796 1566 allusio
819 1506 851 1566 in
875 1505 1109 1581 epigrammate
1133 1505 1346 1584 monumenti,
1371 1507 1456 1580 quod
1478 1508 1552 1582 post
1575 1505 1743 1567 victoriam

479 1620 500 1665 a
531 1604 662 1665 dimone
692 1607 732 1666 ad
764 1606 971 1680 strymonem
997 1621 1081 1669 anno
1105 1609 1170 1668 470
1193 1621 1222 1668 a.
1248 1607 1280 1668 0.
1305 1609 1502 1682 reportatam
1525 1610 1577 1667 est
1599 1607 1743 1666 erectum

480 1703 642 1774 (Aeschin.
664 1706 712 1766 111
735 1703 755 1782 θ
780 1707 963 1783 183-185,
988 1707 1071 1768 Piut.
1097 1707 1177 1768 (iim.
1205 1709 1251 1776 ii:

699 1802 731 1864 ἔτ
753 1825 823 1864 ποτε
845 1804 933 1883 τῆσδε
955 1805 1065 1883 πόληος
1088 1801 1135 1882 ἅμ’
1160 1804 1318 1888 Ἀτρεΐδῃσι
1344 1806 1523 1878 Μενεσθεὺς

746 1899 842 1984 ἡγεῖτο
866 1904 975 1977 ζάθεον
999 1904 1132 1984 Τρωικὸν
1154 1903 1184 1977 ἒς
1206 1905 1318 1966 ardica·

702 2002 737 2064 bv
759 1997 830 2064 ποθ’
846 2001 976 2085 Ὅμηρος
999 2003 1058 2084 ἔφη
1082 2009 1212 2066 Δαναῶν
1234 2005 1317 2067 πύκα
1337 2005 1523 2086 θωρηκτάων

745 2115 914 2187 κοσμητῆρα
937 2107 1031 2187 μάχης
1054 2106 1154 2186 ῖξοχον
1179 2104 1250 2168 ὄντα
1272 2111 1380 2185 μολεῖν.

702 2205 797 2279 οὕτως
819 2203 908 2268 οὐδὲν
931 2204 1025 2280 ἀεικὲς
1049 2207 1233 2286 Ἀθηναίοισι
1255 2211 1411 2267 καλεῖσθαι

744 2313 904 2386 κοσμηταῖς
926 2304 1056 2386 πολέμου
1079 2302 1100 2368 τ’
1126 2305 1204 2386 ἀμφὶ
1225 2305 1275 2367 ναὶ
1298 2305 1431 2387 ἠνορέης.

479 2408 529 2468 Ad
548 2422 667 2470 aevum
688 2408 861 2470 Soloneum
881 2410 1042 2486 pertinent
1060 2424 1143 2483 quae
1163 2408 1355 2470 Aristoteles
1375 2409 1504 2484 scripsit
1523 2407 1653 2467 Rhetor.
1674 2407 1743 2466 115

480 2513 634 2588 Ἀθηναῖοι
662 2505 780 2597 Ὁμήρῳ
811 2509 936 2592 μάρτυρι
967 2508 1125 2592 ἐχρήσαντο
1156 2508 1222 2590 περὶ
1252 2513 1431 2590 Σαλαμῖνος,
1462 2525 1593 2571 versum
1625 2511 1650 2568 Β
1681 2509 1743 2570 558

479 2615 647 2690 spectans,
672 2629 769 2688 quem
793 2629 924 2677 versum
946 2613 987 2675 ab
1010 2613 1079 2690 ipsc
1104 2613 1219 2675 Solem
1242 2613 1423 2675 intextum
1442 2612 1652 2674 Homericum
1671 2626 1744 2672 esse

478 2717 644 2780 invectum
672 2721 709 2780 ut
731 2718 930 2781 Salaminem
953 2717 1094 2779 insulam
1117 2717 1295 2780 vindicaret
1317 2715 1578 2792 Atheniensibus,
1602 2714 1745 2776 referunt

477 2821 673 2884 recentiores
704 2821 846 2898 quidam,
878 2820 935 2882 ssd
966 2837 984 2882 o
1007 2821 1203 2882 comicorum
1226 2820 1305 2884 iocis
1327 2820 1411 2881 hanc
1432 2817 1576 2880 tabulam
1599 2817 1743 2894 hurbes,

476 2923 563 2984 certe
587 2923 625 2984 de
651 2923 750 2984 nihilo
773 2921 882 2984 liciam
908 2937 990 2998 esse,
1016 2924 1097 2982 satis
1120 2925 1253 2998 apparet
1272 2923 1303 2992 ¹).

520 3022 710 3097 uagnopere
740 3025 850 3083 autam
883 3023 1040 3083 erraverit
1069 3023 1125 3095 qui
1153 3024 1246 3097 putet
1275 3021 1441 3082 intellectu
1465 3021 1620 3082 facillima
1643 3021 1742 3080 misse

476 3121 621 3181 carmina
654 3123 744 3194 epica
779 3120 911 3181 Periclis
945 3119 1143 3194 aequalibus.
1179 3121 1284 3182 Immo
1318 3123 1396 3181 tunc
1430 3135 1556 3193 quoque
1588 3119 1743 3194 temporis

475 3221 621 3281 studium
643 3221 729 3281 baud
752 3221 908 3294 exiguum
930 3219 1039 3294 pueris
1062 3223 1132 3279 erat
1155 3220 1369 3280 adhibendum
1391 3222 1430 3280 ut
1451 3220 1539 3281 recte
1562 3220 1743 3294 acciperent

474 3333 558 3392 quas
591 3321 685 3382 vates
707 3321 830 3383 vetusti
851 3319 1021 3380 dixissent.
1053 3319 1296 3394 Rhapsodorum
1320 3315 1516 3397 ἠλιθιώτατον
1540 3317 1629 3391 ἔθνος
1651 3313 1684 3395 ⁸),
1708 3319 1741 3378 in

474 3417 616 3482 Homero
638 3418 802 3482 recitando
825 3420 927 3480 vitam
950 3421 1136 3496 terentium,
1160 3421 1320 3497 poemata,
1344 3435 1426 3496 quae
1450 3421 1483 3481 in
1506 3435 1561 3482 cre
1582 3420 1742 3480 habebant

470 3729 550 3778 studii
575 3729 729 3776 documenta
750 3728 858 3790 praebet
880 3729 1008 3789 Diogenes
1029 3730 1123 3790 Laert,
1146 3729 1227 3776 multa
1249 3729 1402 3788 anthologia
1419 3728 1526 3784 Graeca,
1545 3727 1694 3796 praesertim
1714 3727 1739 3772 in

470 3808 627 3857 carminibus
648 3807 777 3856 Palladae.
800 3807 927 3855 Oentones
950 3808 1115 3855 eversiculis
1135 3809 1279 3856 Homericis
1296 3807 1486 3855 consarcinatae
1504 3806 1671 3853 elaborabant
1688 3805 1739 3864 aiii,

470 3888 522 3936 vid.
539 3902 562 3936 e.
579 3902 604 3949 g.
622 3887 724 3936 Antbci.
742 3887 837 3936 Jacobs
855 3887 889 3934 iv
906 3900 931 3948 p.
951 3889 982 3934 tt
1001 3889 1027 3934 et
1046 3889 1100 3936 116.

506 3965 526 4034 ¹)
542 3968 609 4017 Hinc
635 3967 782 4016 Herodotus
807 3966 834 4014 11
859 3969 891 4017 cs
917 3968 949 4015 de
974 3968 1086 4016 Heetcdc
1112 3971 1189 4029 atque
1212 3969 1325 4017 Homero
1346 3967 1412 4016 dixit
1435 3967 1569 4015 notissima
1592 3961 1635 4012 iila
1662 3963 1739 4011 verba

470 4043 535 4096 eieci
558 4050 602 4096 eice
624 4051 646 4095 al
668 4051 804 4107 amidanae
827 4051 949 4108 θεογονίην
966 4048 1060 4110 Ἕλλησι
1088 4049 1202 4096 aulacia«
1221 4053 1298 4096 deciae
1315 4049 1357 4103 τὰς
1374 4051 1504 4106 laaroplaa
1521 4047 1599 4099 δόντος
1618 4045 1656 4092 ani
1672 4047 1739 4102 τιμάς

469 4143 494 4175 το
511 4129 550 4176 aui
567 4127 652 4189 ve'1vaa
669 4127 780 4181 decliner
805 4129 843 4174 ant
869 4128 930 4174 eitra
952 4130 1030 4176 αὐτῶν
1054 4132 1199 4188 σημήναντος.
1222 4129 1292 4185 Quinc
1316 4126 1428 4174 absurda
1451 4128 1513 4174 sunt
1532 4125 1555 4172 ai
1572 4125 1631 4184 quis
1650 4125 1739 4183 postas

469 4221 500 4255 ea
515 4207 601 4254 omnia
615 4205 647 4252 de
662 4219 710 4253 eno
723 4205 828 4254 tinaiaee
842 4208 947 4264 statuat,
961 4208 1093 4255 verieeima
1111 4207 1182 4254 sitta
1197 4207 1396 4267 interpretemur
1412 4208 1568 4266 utposteroe
1581 4217 1612 4251 ex
1627 4202 1739 4250 Hesiodo

469 4289 547 4347 atque
565 4287 677 4333 Homero
696 4285 811 4345 quaeda
829 4286 907 4334 rebua
924 4286 1017 4335 divinis
1034 4288 1094 4335 sciri
1113 4301 1189 4348 posco
1207 4287 1378 4334 credebantur
1395 4287 1516 4333 didicisse
1533 4285 1657 4332 dicamus.

502 4361 522 4428 ¹)
543 4371 563 4414 B
581 4367 629 4414 tbi
647 4377 718 4426 sqq.;
736 4365 788 4413 vid.
805 4365 899 4414 Herod.
918 4367 1030 4416 v111e1.
1051 4366 1150 4415 Himliia
1167 4367 1313 4416 Herodotus
1330 4370 1417 4416 narrat
1431 4365 1477 4414 VII
1499 4367 1554 4423 itt,
1571 4365 1592 4412 V
1610 4366 1650 4422 sl,
1668 4363 1737 4412 aiibi.

501 4443 523 4512 1)
541 4446 596 4495 Vid.
621 4459 688 4508 quae
711 4445 743 4494 ad
767 4458 857 4494 verane
883 4451 903 4495 Β
926 4447 975 4496 cac
996 4461 1052 4509 sqq.
1075 4451 1103 4496 et
1126 4447 1174 4496 tibi
1191 4461 1231 4508 sq.
1250 4447 1443 4496 observavimus
1461 4449 1487 4495 et
1503 4460 1583 4508 supra
1600 4459 1658 4509 pag.
1677 4459 1736 4494 xxx.

468 4527 588 4576 Solonem
614 4526 648 4574 ad
673 4539 775 4574 veraum
802 4539 885 4588 nupor
909 4540 925 4575 a
949 4541 978 4576 ee
1004 4530 1093 4576 lictum
1119 4541 1259 4590 provocare
1285 4543 1335 4576 non
1358 4528 1473 4590 potniaeo
1497 4527 1581 4587 quivis
1599 4527 1689 4584 eorrbtr
1707 4540 1737 4576 aa

467 4605 571 4656 demum
594 4605 680 4655 valere
706 4609 826 4668 poterant
849 4606 881 4655 ad
903 4607 992 4656 boetea
1014 4608 1184 4657 mulctandos
1206 4623 1272 4671 quac
1290 4623 1380 4657 omnes
1403 4608 1496 4656 Graeci
1519 4607 1543 4655 in
1562 4621 1609 4654 auc
1627 4608 1737 4655 Homero

467 4687 554 4734 extare
571 4686 675 4734 aeirem.

498 4759 520 4828 ⁴)
537 4763 635 4812 socen
651 4762 780 4812 adtectivo
797 4763 939 4824 xenophon
956 4765 1039 4814 utitur
1056 4767 1081 4813 ln
1099 4766 1240 4814 Ocmmerm
1257 4765 1292 4814 1v
1311 4767 1325 4812 2
1343 4765 1357 4826 ς
1377 4767 1415 4814 1⁰.
