3880 5678
957 733 1022 793 210
1528 741 1557 810 [ς
1581 743 1624 800 04

357 921 534 982 credemus.
564 922 609 980 nt
639 921 757 981 indicia
789 918 845 981 ille
875 921 930 981 ubi
954 921 1055 981 suut?
1085 921 1155 982 Non
1178 921 1265 982 enim
1289 938 1380 984 rarae
1404 926 1482 984 sunt
1503 925 1625 987 formae

357 1023 391 1082 iu
422 1021 565 1096 syllabas
595 1037 671 1081 -εσσι
699 1024 918 1098 excurrentes,
942 1023 999 1082 sed
1021 1022 1195 1083 admodum
1219 1024 1404 1098 frequentes
1427 1027 1461 1085 et
1484 1041 1540 1100 per
1563 1043 1626 1087 car·

357 1124 447 1183 mina
477 1123 567 1197 epioe
598 1122 810 1195 aequabiliter
840 1137 989 1196 sparsam
1026 1139 1129 1196 neque
1161 1123 1193 1184 ln
1224 1123 1365 1185 insolitis
1395 1128 1524 1187 tantum
1555 1129 1625 1188 sub·

357 1221 510 1283 stautivls
544 1223 769 1283 nominibusve
800 1223 936 1298 propriis
964 1225 1103 1283 occurrit
1133 1226 1293 1286 terminus
1325 1242 1411 1296 -εσσι,
1441 1228 1497 1288 sed
1530 1243 1625 1288 omne

356 1338 459 1397 genus
489 1323 654 1382 vocabulis
684 1324 871 1398 adaptatur;
904 1337 1006 1396 neque
1037 1326 1141 1385 metro
1171 1326 1313 1399 poscitur
1339 1329 1397 1388 aut
1424 1329 1624 1389 commenda·

357 1427 419 1501 tur,
455 1424 614 1498 disyllaba
648 1425 734 1484 enim
770 1423 875 1484 lorma
904 1422 995 1482 ποσσί
1022 1439 1085 1485 non
1116 1426 1225 1486 minus
1255 1429 1331 1502 apta
1361 1431 1412 1488 est
1435 1431 1625 1491 hexametro

357 1543 455 1601 quam
478 1527 648 1601 trisyllaba
670 1524 800 1585 addecet.
824 1525 906 1599 urge
929 1527 1112 1587 coniectura
1134 1528 1255 1605 Boppii,
1280 1531 1331 1590 cui
1353 1546 1457 1604 neque
1476 1531 1624 1593 dictionis

356 1629 548 1690 Homericae
571 1627 695 1688 indoles
717 1627 806 1688 iavet
827 1642 930 1701 neque
953 1627 1096 1701 lapidum
1119 1631 1308 1691 testimonia
1329 1632 1490 1709 addicunt,
1514 1648 1623 1706 quam·

356 1731 497 1805 primum
528 1731 688 1791 oblivione
719 1732 769 1790 est
800 1731 983 1806 premenda,
1015 1733 1048 1791 et
1071 1731 1207 1793 libenter
1230 1736 1342 1794 nostra
1365 1733 1503 1794 iacimus
1528 1735 1624 1794 verba

354 1846 437 1905 quae
467 1831 619 1905 leguntur
648 1830 731 1906 apud
763 1831 1002 1892 Kubner·Blass
1032 1834 1099 1908 Ip.
1125 1834 1189 1893 418
1219 1838 1293 1907 (quo
1316 1836 1386 1895 loco
1412 1835 1622 1897 disiecturum

355 1935 415 1994 bac
438 1934 477 1994 de
500 1948 534 1994 re
558 1932 746 1993 testimonia
769 1934 889 2007 optime
912 1935 989 1993 sunt
1012 1935 1187 2009 expositei:
1216 1936 1291 2010 „der
1314 1937 1439 1997 Beweis
1463 1936 1513 1996 lur
1535 1937 1622 1997 dlese

358 2035 511 2112 „Theorie
534 2035 680 2108 mangelt
701 2033 912 2111 volisttnoig;
937 2051 972 2096 er
994 2039 1103 2097 wurde
1125 2037 1166 2097 de
1190 2038 1270 2114 sein,
1296 2055 1388 2099 wenn
1409 2038 1541 2100 erstlich
1561 2055 1623 2097 εσσι

356 2138 444 2214 „sicli
468 2137 501 2197 iu
525 2137 733 2197 historischer
755 2137 826 2196 Zeit
848 2137 961 2198 weiler
983 2139 1046 2198 und
1071 2139 1182 2200 weiter
1205 2140 1408 2216 verbreitete,
1429 2156 1543 2202 wovon
1563 2141 1622 2201 wir

355 2241 431 2320 „iim
454 2239 623 2300 doriscben
646 2239 784 2310 Dialekt)
807 2240 865 2300 das
888 2239 1106 2313 Umgelrehrte
1129 2243 1245 2318 seiren3
1270 2243 1435 2320 zweitens,
1456 2259 1550 2304 wenu
1569 2244 1620 2304 die

353 2345 510 2422 „Formen
530 2341 592 2400 wie
612 2337 724 2400 ἐπέεσσι
744 2341 804 2401 den
825 2341 1079 2403 Alexandrinam
1099 2345 1305 2422 engolismen,
1328 2347 1392 2405 und
1412 2346 1501 2405 nicht
1520 2347 1620 2405 scbon

354 2448 446 2524 „dem
470 2445 593 2504 Homer
615 2442 708 2511 (auch
727 2440 806 2502 lesb.
828 2439 952 2510 ἐπέεσσι).
971 2443 1029 2502 Die
1049 2444 1242 2506 ro-Stlimme
1261 2445 1333 2506 sind
1353 2447 1434 2505 such
1454 2461 1512 2518 gar
1530 2447 1620 2506 nicht

353 2545 534 2624 „zahlrelch
564 2556 681 2618 genug,
713 2557 770 2601 um
794 2542 865 2603 elne
888 2542 997 2604 solcbe
1021 2545 1240 2617 weltgebende
1266 2546 1512 2618 Uebertragung
1534 2547 1619 2605 tbrer

353 2649 508 2726 „lindung
539 2643 806 2705 wahrscheinlich
838 2658 878 2704 zu
909 2646 1078 2707 macben”.
1105 2679 1145 2688 —
1171 2645 1215 2706 cl.
1251 2647 1369 2708 ibidem
1401 2648 1435 2707 ln
1466 2646 1618 2706 addendis

349 2766 379 2826 p.
405 2751 469 2812 644
494 2747 526 2818 ¹).

393 2851 463 2910 Nou
497 2851 608 2910 temen
639 2861 716 2906 -εσσι
747 2846 861 2906 unicus
892 2847 925 2907 in
956 2846 1067 2920 lingua
1089 2848 1180 2922 spica
1202 2849 1254 2908 est
1276 2849 1377 2909 dativi
1400 2847 1534 2923 pluralis
1557 2849 1617 2908 ter·

348 2953 468 3028 minus,
492 2951 548 3010 sed
571 2949 755 3021 frequenter
778 2949 877 3007 eiiam
900 2949 1027 3008 tenuior
1049 2947 1159 3008 suillxi
1182 2948 1287 3009 forma
1309 2965 1352 3007 -σι
1375 2952 1559 3024 usurpatur,
1585 2949 1617 3008 iu

349 3069 413 3129 qua
442 3051 603 3113 sibilantis
634 3049 684 3108 vis
714 3049 842 3108 remisit
864 3063 968 3122 neque
991 3049 1089 3122 igitur
1111 3050 1284 3122 requiritur
1307 3050 1427 3110 lurtlva
1450 3049 1573 3110 vocalis
1595 3070 1617 3108 ε.

349 3153 521 3216 Homerica
542 3151 620 3211 sunt
643 3165 670 3210 e.
694 3164 724 3223 g.
748 3147 870 3208 πόδεσσι
893 3148 1036 3220 (coderet)
1060 3151 1093 3210 et
1114 3150 1206 3209 ποσσί
1225 3151 1344 3223 (codor).

394 3253 557 3318 Vocabula
590 3254 711 3326 autem,
750 3266 888 3326 quorum
926 3251 1059 3326 stirpem
1094 3251 1215 3312 claudit
1247 3252 1357 3313 littera
1389 3252 1529 3313 dentalis
1563 3251 1614 3312 vel

349 3360 466 3434 sigma,
497 3356 580 3416 hanc
610 3353 754 3414 litteram
777 3351 908 3414 finalem
933 3351 1027 3412 modo
1050 3355 1183 3414 servant
1205 3353 1255 3424 (ci.
1279 3354 1297 3423 θ
1321 3355 1385 3431 35),
1409 3369 1437 3415 e.
1460 3370 1491 3429 g.
1514 3352 1618 3413 ποσσί

349 3459 471 3533 (nod-or)
493 3453 526 3534 ¹),
561 3452 705 3533 finer-ur,
735 3456 829 3516 modo
860 3454 1027 3530 amittunt,
1056 3456 1094 3514 ut
1123 3455 1156 3514 in
1186 3455 1297 3529 lingua
1323 3457 1509 3533 recentiore,
1535 3472 1562 3517 e.
1583 3471 1613 3529 g.

347 3560 439 3636 rto-ol,
459 3555 581 3618 flere-ot.

393 3661 482 3720 Haec
504 3659 533 3718 si
556 3661 642 3718 recte
664 3656 913 3732 disputavimus,
938 3657 1083 3728 sequitur
1102 3659 1140 3715 ut
1158 3659 1344 3716 statuamus
1363 3659 1486 3718 ratione
1506 3672 1614 3717 cerere

348 3760 451 3821 dativi
473 3757 759 3818 conformationem
781 3772 844 3830 qus
863 3757 955 3831 stirpi
976 3757 1192 3830 adiungantur
1211 3757 1354 3829 syllabae
1372 3762 1475 3827 -εσι(ν).
1497 3756 1614 3832 Quales

347 3861 448 3924 dativi
471 3857 634 3920 nonnullis
657 3859 768 3919 tamen
791 3857 871 3919 locis
893 3860 1090 3934 comparent,
1115 3858 1171 3918 sed
1189 3859 1394 3934 probabiliter
1411 3857 1524 3932 refingi
1543 3873 1611 3933 pos·

347 3965 424 4026 sunt
455 3963 582 4023 tantum
614 3976 677 4022 non
708 3976 838 4022 omnes:
875 3961 903 4018 Y
928 3960 991 4022 468
1023 3953 1117 4037 ὃμὲν
1141 3957 1244 4038 ἥπτετο
1271 3959 1375 4040 χείρεσι
1396 3960 1515 4041 γούνων
1538 3960 1610 4034 (leg.

348 4057 480 4146 ’χείρεσὸ
505 4059 521 4124 ὃ
544 4059 598 4141 μὲν
621 4061 725 4140 ἥπτετο
748 4061 910 4143 γούνωνῗ),
936 4064 971 4120 Ψ
992 4062 1051 4121 191
1077 4060 1193 4121 florea
1217 4063 1260 4134 (ln
1283 4063 1361 4138 pede
1384 4065 1516 4138 quart03
1549 4062 1609 4136 leg.

381 4272 399 4338 ¹)
417 4274 543 4321 Suffixum
561 4273 681 4334 primitus
697 4265 783 4334 ·oor(v)
801 4272 889 4328 inisse,
907 4285 956 4318 non
975 4267 1054 4335 -σι(ν),
1072 4271 1149 4318 etiem
1168 4284 1198 4318 ex
1215 4271 1299 4318 Attice
1314 4271 1425 4319 dialecto
1441 4269 1611 4318 demonstrari

345 4367 421 4415 posse
447 4353 557 4410 videtur,
577 4355 604 4399 in
627 4365 678 4411 quo
699 4351 1048 4410 l1dicryluxlmetsinrllia
1067 4350 1197 4405 dicuntum
1219 4351 1328 4410 simplos
1351 4352 1418 4398 euim
1442 4351 1524 4408 sigma
1545 4350 1611 4395 inter

344 4433 409 4480 dues
427 4434 527 4480 vocales
544 4431 697 4478 intercidere
723 4443 798 4477 nemo
821 4431 910 4477 nescit
935 4430 1075 4489 Analoglee
1091 4442 1152 4477 vero
1170 4430 1219 4475 rim
1238 4431 1263 4476 iu
1281 4430 1407 4476 eiusmodi
1421 4429 1514 4476 dativis
1531 4428 1609 4486 cerni,

344 4515 374 4560 ut
390 4513 470 4560 sumit
487 4527 509 4559 o.
527 4525 552 4570 g.
570 4511 601 4558 G.
623 4503 722 4569 noyer*
745 4524 770 4569 p.
788 4511 849 4556 tbi:
875 4509 931 4566 „toi
949 4509 998 4555 tlon
1015 4508 1176 4556 rocelieclron
1193 4507 1245 4554 rrrul
1269 4508 1503 4569 diplrtlrougisolron
1526 4507 1607 4554 litibu-

345 4609 420 4652 „mou
440 4593 535 4641 erlrlilrl
556 4591 610 4638 elolr
633 4593 675 4638 ‹lio
700 4591 842 4649 llrlrultung
863 4589 909 4636 elus
932 4589 1159 4636 irrtorvoualieclron
1184 4607 1218 4634 -σ-
1239 4588 1285 4635 dor
1302 4589 1411 4646 llrrrlurrg
1429 4607 1462 4636 -σι
1481 4601 1527 4635 rurs
1549 4587 1607 4633 «lom

345 4672 575 4731 „Danebeneteheu
600 4670 647 4718 dee
671 4687 705 4718 σι
729 4671 770 4716 bel
793 4669 843 4714 deu
865 4669 1094 4716 coneonentisohen
1112 4669 1268 4726 stimulem',
1286 4669 1409 4716 credibile
1426 4672 1465 4716 eet
1482 4681 1543 4714 eene
1561 4679 1607 4714 neo

342 4750 640 4887 ²⁸3⁰}o'gssiu?¹¹‘;:ufl
664 4828 778 4885 νιιξπσσιν
800 4817 886 4887 (codd.
909 4819 1018 4888 videtum)
1040 4829 1061 4870 Σ
1078 4825 1135 4880 418,
1154 4829 1247 4873 cadom
1264 4821 1349 4888 (codd.
1368 4819 1498 4886 deridebor)
1514 4839 1532 4884 φ
1551 4823 1607 4882 iel,

343 4921 408 4969 quos
425 4921 484 4956 cnm
501 4907 566 4956 ratio
583 4908 671 4955 tuetur
688 4907 742 4952 turn
759 4902 900 4952 conelrnllls
916 4901 1019 4951 dativus
1035 4903 1107 4968 τρισσι
1124 4905 1147 4949 A
1165 4903 1196 4952 ui
1214 4907 1284 4952 reete
1301 4903 1418 4951 traditus.

665 5258 790 5359 f
