3952 5700
305 800 323 876 ἓ
347 803 378 879 6]
924 799 965 863 35

350 992 438 1068 Quas
471 991 501 1052 si
535 991 582 1052 ltu
616 991 788 1052 scribimus
820 993 857 1051 ut
889 991 1035 1052 carmina
1063 1005 1154 1066 eprca
1184 989 1311 1051 exarari
1345 988 1463 1065 solent,
1495 987 1574 1051 baec

309 1094 484 1155 habemus:

551 1192 710 1272 Νικάνδρη
733 1187 759 1268 μ’
787 1189 937 1270 ἀνέθηκεν
960 1190 1093 1276 ἑκηβόλῳ
1116 1189 1256 1274 ιὀχειιίηη,

552 1293 647 1372 κούρη
672 1291 850 1353 Δεινοδίιιειο
875 1301 927 1353 τοῦ
950 1291 1078 1370 Ναξίου,
1101 1290 1198 1370 ἔξοχος
1222 1287 1343 1369 ἀλλέων,

552 1389 745 1470 Δεινομένεος
768 1388 800 1451 δὲ
822 1391 984 1471 κασιγνήτη
1010 1391 1130 1471 Φράξον
1155 1387 1185 1452 d’
1212 1387 1316 1470 ἄλοχος
1339 1415 1396 1468 μ..

312 1494 348 1553 In
367 1492 430 1554 line
448 1492 573 1568 poetria
595 1493 674 1553 haec
692 1491 797 1552 Naxia
816 1492 976 1554 addidisse
996 1493 1137 1553 creditur
1156 1493 1348 1567 particulam
1360 1490 1456 1571 μ[ήν],
1477 1507 1576 1553 sensu

313 1609 459 1670 vacuam,
494 1593 534 1652 ad
569 1593 763 1667 explendum
798 1591 922 1652 scillcet
955 1593 1201 1667 hexametrum
1238 1593 1293 1653 alii
1324 1597 1383 1670 ple]
1416 1593 1576 1669 supplent,

312 1695 411 1756 nihilo
434 1695 591 1769 aptiorem
614 1693 689 1753 huic
712 1694 780 1754 loco
805 1693 964 1768 voculam,
992 1693 1055 1754 nisi
1078 1694 1170 1768 plura
1192 1694 1360 1755 additurus
1382 1695 1480 1756 fuerit
1503 1710 1576 1769 qua·

264 1872 268 1884 Ι
313 1794 482 1856 dratarius.
506 1794 706 1854 Vocabulum
730 1795 841 1854 autem
862 1785 1083 1853 ΕΚΕΒΟΛΟΙ
1101 1794 1236 1855 mirifice
1256 1795 1423 1871 scriptum,
1443 1811 1579 1872 proquo

314 1887 563 1954 ΕΕΚΕΒΟΛΟΙ
592 1895 812 1968 expectaverit
838 1895 1009 1970 quispiam,
1040 1895 1196 1970 lapicidae
1223 1896 1322 1956 errori
1344 1896 1456 1970 posset
1478 1895 1579 1971 impu·

314 1997 386 2074 tari,
409 1997 472 2057 nisi
495 1995 614 2056 rediret
637 1987 780 2054 ΕΚΕΒ..
808 1995 842 2056 in
864 1996 928 2056 alia
952 1996 1167 2073 inscriptione,
1192 1996 1285 2057 ouius
1308 1997 1490 2070 fragmenta
1510 1997 1579 2058 Deli

314 2101 391 2160 sunt
423 2100 550 2173 roperta
582 2097 676 2158 annis
713 2098 798 2158 1880
832 2098 866 2159 et
898 2099 1046 2172 sequenti
1080 2098 1261 2169 (Kirobhoif
1291 2093 1436 2160 Studien*
1471 2116 1501 2174 p.
1527 2100 1580 2175 83,

315 2202 451 2263 Roberts
472 2199 654 2276 Epigraphy
678 2214 706 2274 p.
732 2201 803 2274 63);
837 2199 980 2274 ipsorum
1011 2199 1110 2274 igitur
1132 2201 1303 2274 poetarum
1326 2201 1498 2274 aliquando
1520 2201 1583 2261 fuit

316 2305 394 2364 haec
424 2303 507 2363 ratio
540 2300 708 2362 scribendi.
738 2301 788 2362 Ad
820 2315 933 2362 vocem
957 2303 1067 2362 autem
1092 2293 1244 2361 ΑΛΕΟΝ
1268 2301 1288 2362 i.
1314 2318 1340 2362 e.
1365 2298 1476 2362 ἀλλέων
1499 2302 1582 2376 quod

316 2405 442 2480 attinet,
477 2404 569 2477 signo
600 2404 635 2460 Η
662 2403 770 2462 brevis
803 2403 922 2463 vocalis
951 2402 1110 2463 indicatur
1141 2404 1241 2463 etiam
1272 2404 1305 2464 in
1337 2403 1442 2479 lapide
1465 2403 1583 2464 Thasio

317 2509 411 2575 (anno
444 2503 528 2563 1882
553 2502 699 2577 reperto),
734 2516 832 2574 quem
864 2501 936 2562 vide
959 2503 1043 2578 apud
1066 2501 1203 2562 Roberts
1226 2503 1407 2579 Epigraphy
1430 2520 1460 2579 p.
1486 2506 1528 2566 59
1552 2504 1586 2565 et

319 2606 359 2666 61
384 2605 512 2664 annot:
538 2602 846 2678 ΠΕΙΘΟΣΙΗΡΟΝ,
868 2602 888 2663 1.
915 2619 942 2664 e.
968 2605 1104 2674 Πειθοῦς
1128 2600 1208 2681 ἱερόν
1233 2599 1263 2674 Ι).

362 2705 576 2778 Perantiquue
606 2704 706 2777 igitur
736 2704 788 2765 bic
822 2703 937 2764 titulus
968 2703 1059 2764 Naxo
1082 2704 1246 2780 oriundus,
1270 2704 1324 2777 qui
1349 2707 1382 2766 ct
1405 2705 1587 2766 rudioribus

319 2807 553 2868 elementorum
587 2805 746 2882 ductibus,
777 2807 811 2866 et
840 2806 963 2866 ratione
991 2805 1216 2877 molestaque
1240 2805 1367 2879 linguae
1391 2807 1461 2866 soni
1484 2805 1586 2880 signis

318 2911 396 2968 eunt
426 2906 569 2981 indicati,
598 2906 771 2966 infantiam
802 2907 965 2978 quandam
997 2906 1077 2965 artis
1107 2905 1265 2966 scribendi
1291 2907 1401 2981 aperte
1423 2907 1528 2980 prodit
1552 2903 1585 2980 ²),

319 3007 379 3066 hoo
401 3005 462 3066 sibi
485 3004 582 3065 habet
604 3005 769 3079 proprium
792 3006 875 3076 quod
899 3005 1008 3065 littera
1031 2996 1068 3078 Ε,
1092 3004 1169 3064 licet
1192 3005 1342 3078 spiritum
1362 3007 1382 3065 b
1404 3005 1585 3080 significare

318 3105 440 3180 pergat,
464 3089 569 3163 'simul
605 3087 716 3163 tamen
751 3106 926 3179 usurpatur
955 3105 996 3164 ad
1027 3103 1231 3165 indicandam
1265 3105 1410 3166 vocalem
1442 3113 1472 3182 ο,
1504 3121 1587 3178 quae

319 3207 353 3265 in
385 3205 501 3264 Ionum
532 3218 586 3264 ore
617 3219 721 3276 neque
752 3219 865 3264 verum
897 3204 994 3279 alpha
1015 3205 1152 3265 sonabat
1174 3221 1277 3278 neque
1309 3208 1420 3267 tamen
1444 3206 1587 3267 vocalis

320 3307 389 3367 erat
423 3303 558 3378 similis;
602 3305 796 3366 exorabatur
836 3306 935 3380 igitur
969 3297 1217 3365 ΚΑΣΙΓΝΕΊΕ
1256 3307 1383 3380 aliaque
1418 3307 1585 3369 eiusmodi.

320 3408 427 3467 Etiam
457 3407 490 3466 in
519 3404 624 3465 Naxia
654 3406 860 3482 inscriptione
891 3407 1083 3469 orchomeni
1113 3410 1249 3484 reperta,
1282 3424 1364 3482 quae
1392 3411 1522 3470 saeculo
1546 3409 1587 3468 V⁰

321 3509 512 3570 eumenum
542 3509 635 3576 (res.
660 3508 725 3568 410
756 3509 892 3569 noberta
921 3509 1027 3583 nplgr.
1058 3521 1099 3582 p.
1118 3509 1181 3584 os),
1213 3510 1331 3585 duplici
1364 3511 1424 3570 noc
1456 3491 1589 3570 menore

322 3609 466 3682 iungitur
488 3608 618 3681 siguum
644 3609 691 3668 H:

651 3711 839 3788 αλΧΣΗνιορ
863 3711 1013 3770 εποιΗοιν
1035 3711 1084 3770 Hc
1108 3713 1254 3771 ναΧΣιοο

322 3808 479 3890 (Ἀιξήνωρ
510 3805 648 3887 ἐποίησεν
677 3805 693 3870 ὁ
724 3809 855 3884 Νάξιος).
886 3811 1023 3873 Secundi
1054 3813 1166 3874 autem
1201 3813 1289 3875 verbi
1321 3814 1449 3875 litterae
1481 3829 1592 3876 erosae

322 3929 403 3976 num
427 3913 513 3976 recte
539 3913 606 3975 sint
628 3910 795 3990 suppletae
818 3915 956 3976 tortasse
979 3914 1126 3978 dubitare
1149 3915 1235 3994 licet,
1258 3919 1345 3979 certo
1369 3917 1592 3993 expectaveris

323 4019 470 4079 εποιΕσεν
493 4020 622 4095 propter
644 4033 684 4079 ea
707 4033 789 4093 quae
814 4019 908 4081 modo
931 4019 1186 4082 observavimus.

369 4121 618 4196 Distinguuntur
648 4123 759 4183 sutem
792 4123 820 4180 Ε
850 4125 883 4183 et
906 4123 941 4180 H
967 4137 1006 4182 ea
1028 4136 1128 4196 quam
1151 4123 1294 4185 vidimus
1317 4123 1440 4184 ratione
1465 4123 1497 4184 ln
1520 4122 1595 4183 aliis

325 4239 451 4298 quoque
485 4223 591 4284 titulis
623 4223 750 4300 Ionicis,
786 4238 867 4297 quoe
903 4224 1034 4285 exbibet
1064 4225 1164 4286 Roebi
1196 4225 1279 4287 IGA.
1312 4227 1387 4302 896,
1417 4227 1492 4301 usi,
1529 4225 1593 4284 408

326 4326 378 4396 (ci.
413 4323 549 4387 Roberts
582 4325 687 4400 uplgr.
712 4342 741 4401 p.
767 4328 807 4388 67
839 4327 872 4386 et
902 4328 942 4387 72
963 4329 1040 4400 sq.);
1076 4327 1263 4388 recentioris
1298 4327 1331 4386 bi
1365 4329 1443 4387 sunt
1476 4326 1595 4386 aetatis

326 4441 425 4500 quam
456 4426 633 4488 Nicandrae
665 4426 875 4504 epigramma,
908 4426 964 4488 sed
994 4429 1105 4487 tamen
1129 4428 1169 4488 ad
1192 4429 1325 4488 sextum
1348 4425 1515 4487 saeculum
1538 4427 1596 4487 sut

326 4529 431 4601 quinti
454 4529 584 4588 initium
608 4527 757 4588 videntur
779 4530 948 4604 pertinere.
973 4528 1055 4589 Sunt
1079 4531 1191 4589 autem
1215 4529 1266 4589 hi:

361 4709 690 4776 ι)Ῑ)οι1οοι11ο11ιιιοἴηος.
708 4737 739 4746 -
757 4712 892 4758 Diversum
909 4710 970 4758 bino
987 4709 1033 4758 sod
1051 4713 1137 4756 umen
1157 4711 1246 4757 notatu
1265 4708 1444 4768 dignissimum
1463 4709 1504 4754 ssi
1524 4720 1596 4754 voca·

326 4791 418 4838 bulum
442 4791 590 4850 ΠοΑΗΛΣ,
616 4791 685 4850 quod
707 4790 734 4836 ln
750 4790 904 4849 pentametri
925 4791 995 4836 exitu
1015 4787 1124 4848 praebet
1139 4787 1274 4848 inscriptio
1291 4787 1447 4834 Abderiten·
1464 4785 1531 4833 Ius.
1549 4787 1597 4832 sle

326 4869 436 4918 Robsrts
452 4868 600 4928 Epigraphy
618 4882 643 4929 p.
663 4869 719 4925 170,
737 4866 958 4926 pronunciandum
976 4866 1055 4926 igitur
1072 4869 1160 4926 πόληας
1179 4862 1290 4930 (πόλιας).

361 4943 381 5008 'i
398 4947 507 4994 ltoborts
524 4947 541 4993 1.
559 4948 576 4994 i.
594 4961 618 5007 p.
637 4947 668 4994 'io
686 4946 789 4993 soeculo
806 4947 866 4994 vll·
883 4945 1052 5009 probabiliter
1070 4946 1168 4993 tribuit.
