3936 5704
974 721 1054 765 xiix

379 889 399 967 ἡ
431 891 563 970 Κυπρία,
592 890 612 971 ἡ
641 891 800 971 tropetensi,
821 887 840 968 ἡ
865 891 1032 967 Erasistrati,
1054 887 1073 968 ἡ
1099 891 1216 964 Αἶολίςς
1240 894 1363 954 accedit
1385 888 1405 969 ἡ
1431 889 1462 952 ἐκ
1486 893 1653 952 Μουσείου.

380 993 454 1052 Alia
483 1009 504 1052 s
533 995 612 1053 viris
641 995 786 1055 doctrine
817 992 998 1065 insignibus
1022 993 1151 1051 inerant
1172 993 1325 1067 correcta,
1354 990 1389 1050 οἱ
1410 985 1470 1050 κατ’
1496 986 1654 1067 tarpaei

381 1090 561 1168 Ἀντιμάχου,
589 1087 609 1168 ἡ
634 1086 763 1168 Ἦανοῦ,
792 1086 812 1167 ἡ
845 1089 1084 1167 Ἀριστοφάνους,
1114 1085 1133 1166 ἡ
1166 1085 1406 1169 Σωσιγένους,ἡ
1432 1085 1653 1167 Φιλήμονος,ἡ

380 1187 411 1248 ἐκ
435 1199 487 1249 τοῦ
517 1191 671 1267 νάρθηκος
703 1193 743 1252 ab
770 1190 947 1251 Aristotele
971 1190 1146 1250 Alexandri
1169 1190 1201 1249 in
1226 1206 1323 1250 usum
1348 1191 1530 1264 emendata,
1554 1205 1653 1262 quam

380 1306 438 1350 rex
469 1291 501 1350 in
533 1307 631 1366 capsa
661 1290 899 1365 pretiosissima
933 1291 1027 1350 Susis
1060 1291 1193 1350 inventa
1233 1290 1416 1350 asservavit
1441 1287 1479 1362 1);
1515 1289 1653 1361 Didymo

379 1391 479 1451 etlam
503 1385 523 1467 ἡ
544 1389 763 1469 Καλλιστράτου
785 1392 914 1465 praesto
933 1390 1003 1450 fuit.
1022 1383 1064 1448 'H
1087 1385 1212 1462 κυκλική
1236 1393 1268 1458 (rc
1295 1390 1357 1450 195
1380 1409 1397 1466 p
1422 1391 1474 1456 ab)
1498 1391 1532 1448 ot
1554 1382 1573 1463 ἡ
1598 1407 1652 1446 rso-

379 1490 510 1568 λύσκιχος
534 1494 575 1560 (A
594 1494 669 1567 258,
690 1492 755 1552 340
775 1493 803 1550 Δ
822 1491 898 1561 331)
910 1491 1124 1552 undenomen
1146 1489 1298 1550 duxerint
1316 1490 1521 1564 ignoremus,
1542 1489 1576 1549 in
1593 1489 1653 1548 hac

378 1591 478 1652 lectos
501 1592 603 1653 fuisse
623 1592 745 1654 multos
766 1606 880 1652 versus
899 1605 981 1665 quoa
1000 1590 1065 1651 alie
1077 1589 1278 1664 exemplaria
1295 1589 1446 1650 omittere
1464 1589 1607 1651 solerent
1619 1585 1652 1664 ²),

378 1694 468 1755 illam
492 1695 594 1756 talem
615 1695 813 1756 continuisse
833 1693 1078 1754 Homericorum
1098 1691 1320 1753 recensionem
1338 1707 1420 1766 quae
1440 1707 1516 1752 oum
1535 1691 1653 1753 ceteris

378 1802 431 1854 τοῦ
461 1792 566 1855 tarano
596 1795 707 1856 κύκλου
739 1794 937 1855 carminibus
968 1795 1001 1856 in
1033 1809 1136 1854 unum
1167 1809 1281 1868 corpus
1314 1827 1354 1838 -
1378 1809 1442 1854 non
1474 1795 1584 1855 temen
1618 1793 1651 1854 ln

379 1913 480 1958 unum
500 1899 706 1959 volumen-
720 1899 810 1959 esset
829 1897 939 1957 iuncta
957 1893 991 1970 ²),
1011 1895 1169 1971 suspicari
1188 1894 1274 1970 licet,
1295 1895 1350 1956 sed
1372 1896 1452 1957 serti
1467 1895 1546 1956 nibil
1566 1911 1650 1956 com·

379 2001 506 2073 pertum
538 2000 705 2060 habemus.
743 1999 915 2058 Praeterea
945 1996 1075 2071 saepius
1107 1998 1405 2058 commemorantur
1435 1995 1470 2056 ei
1491 1994 1599 2074 κοινοί,
1620 1996 1654 2056 οἱ

380 2099 535 2180 δημώδης,
567 2099 601 2161 αἱ
628 2099 801 2180 cinerosam
839 2096 979 2176 ἐκδόσεις,
1008 2098 1155 2174 vulgaria
1189 2097 1370 2160 carminum
1405 2098 1649 2160 Homerltorum

380 2205 587 2282 exemplaria,
612 2205 721 2278 qualia
751 2203 898 2265 omnium
927 2202 960 2263 ln
992 2202 1144 2263 manibus
1167 2203 1200 2264 et
1224 2203 1301 2263 tuno
1320 2202 1477 2277 temporis
1500 2203 1594 2264 erant
1618 2204 1652 2263 et

380 2307 491 2368 invitis
515 2307 740 2381 grammaticis
763 2307 862 2366 etiam
887 2306 961 2379 post
984 2305 1265 2365 Arietercbeorum
1286 2319 1399 2365 curam
1419 2305 1525 2365 textui
1545 2320 1649 2365 ernen-

379 2407 482 2467 dando
512 2407 690 2468 adhibitam
722 2407 932 2480 manseruni;
966 2405 1080 2465 multis
1108 2406 1220 2465 autem
1250 2405 1284 2464 in
1308 2405 1473 2480 mscriptis
1499 2405 1650 2478 vulgatus

379 2507 432 2566 ille
456 2509 568 2568 textus
592 2508 630 2566 ad
655 2509 767 2567 nostra
790 2520 892 2578 usque
920 2507 1067 2580 tempora
1089 2506 1142 2564 est
1164 2505 1397 2578 promulgatus.

422 2607 506 2667 Libri
527 2607 739 2667 Massiliensis
756 2608 790 2667 et
809 2605 978 2680 Argolicus
1005 2620 1080 2665 cum
1107 2605 1242 2665 iliadem
1263 2605 1334 2666 tum
1355 2605 1534 2680 Odysseam
1552 2605 1648 2666 conti·

382 2708 509 2784 nebant,
534 2708 690 2769 volumini
715 2715 753 2790 τῷ
777 2703 809 2766 ἐκ
831 2713 884 2765 τοῦ
908 2703 1061 2784 νάρθηκος
1085 2706 1154 2766 sola
1176 2706 1255 2766 Ilias
1274 2706 1394 2781 inerat;
1415 2707 1523 2768 cetera
1542 2721 1649 2766 exem·

378 2810 479 2884 plaria
509 2812 658 2871 totumne
681 2809 861 2870 Homerum
886 2808 1102 2868 continuerint
1124 2823 1165 2868 an
1189 2807 1295 2868 solam
1317 2807 1463 2883 iliadem,
1487 2808 1521 2869 et
1543 2807 1649 2869 aliane

381 2911 499 2971 luerint
527 2926 610 2984 quae
644 2909 748 2970 solam
773 2909 952 2982 odysseam
976 2911 1125 2982 partesve
1148 2908 1275 2981 aliquas
1305 2908 1464 2970 utriusvis
1494 2909 1649 2970 carminis

379 3011 677 3085 complecterentur,
701 3010 774 3082 quis
802 3010 930 3069 dixerit.
954 3010 991 3069 ld
1014 3012 1140 3069 certum
1164 3012 1215 3069 eet
1236 3010 1270 3070 io
1289 3008 1445 3092 ῥοψῳὸίος
1465 3025 1528 3069 non
1547 3009 1648 3069 fuisse

376 3109 488 3170 divisa.
522 3109 609 3183 Quae
640 3109 856 3182 distinguendi
887 3109 969 3170 ratio
993 3109 1208 3170 Alexandriae
1231 3112 1283 3169 est
1304 3111 1383 3170 nate
1406 3104 1428 3179 ¹)
1453 3110 1485 3169 in
1509 3123 1647 3169 commo·

375 3211 451 3270 dum
475 3209 652 3284 legentium
675 3223 734 3269 nec
765 3224 828 3270 noo
856 3209 1059 3270 librariorum
1083 3211 1117 3271 et
1139 3210 1309 3286 editorum,
1333 3225 1374 3270 ne
1397 3209 1541 3284 ingentia
1563 3209 1646 3270 volu·

374 3313 463 3372 mina
496 3311 554 3371 aut
587 3311 639 3371 bis
672 3309 870 3371 conficienda
899 3313 958 3371 aut
988 3311 1054 3371 illis
1084 3311 1301 3386 pervolvendo
1335 3313 1456 3372 essent.
1490 3310 1576 3372 olim
1606 3311 1647 3372 ab

373 3415 463 3476 initio
487 3415 652 3488 usquead
677 3413 775 3475 iloour
799 3416 975 3489 utrumque
998 3429 1129 3475 carmen
1154 3414 1353 3490 decurrebat,
1386 3413 1415 3474 sl
1438 3413 1511 3487 quis
1535 3414 1646 3476 autem

373 3518 479 3578 locum
503 3517 713 3577 Homericum
736 3517 875 3577 afferens
899 3517 1039 3577 indicare
1064 3517 1163 3578 vellet
1182 3533 1247 3590 qua
1268 3517 1300 3577 in
1319 3519 1412 3592 parte
1430 3516 1536 3594 operis
1549 3517 1647 3578 verba

373 3619 504 3680 laudata
526 3619 687 3694 extarent,
711 3619 1014 3679 commemorandas
1037 3618 1067 3679 ei
1091 3621 1185 3680 erant
1206 3633 1258 3679 res
1281 3618 1314 3678 in
1338 3618 1457 3680 vicinia
1476 3620 1644 3680 tractatae.

372 3721 424 3782 Sic
446 3722 530 3797 apud
551 3721 658 3795 ipsum
680 3719 858 3781 Homerum
879 3723 1007 3796 praetor
1025 3722 1188 3797 generalia
1208 3722 1264 3782 illa
1284 3722 1416 3783 nomine
1433 3716 1502 3782 aiii
1525 3717 1645 3800 ἀνδρῶν

380 3851 567 3862 ...μ-..-

402 3903 422 3972 ¹)
439 3908 522 3954 iltreb.
547 3908 609 3956 xiil
632 3923 657 3970 p.
683 3909 741 3966 ool,
764 3907 830 3955 i’lut.
850 3909 919 3956 Alos.
938 3912 963 3970 8,
981 3909 1047 3958 Plio.
1065 3911 1130 3958 illst.
1149 3910 1205 3958 Nat.
1226 3910 1273 3957 vll
1291 3911 1331 3958 to.
1353 3908 1436 3957 Etiam
1461 3910 1643 3959 callisthenem

368 3987 513 4035 Aristotelis
537 3987 694 4050 discipulum
720 3989 910 4051 Alexandriqus
937 3991 1050 4038 amicum
1076 3991 1124 4038 lroo
1149 3990 1269 4039 volumen
1292 3989 1433 4052 perlegisse
1455 3995 1485 4040 nt
1505 3991 1568 4040 viiia
1585 3992 1643 4040 inde

369 4067 493 4114 eximeret
509 4068 601 4115 oirsbo
622 4067 686 4115 dicii
702 4068 718 4115 l.
738 4069 755 4116 l.

400 4141 592 4209 ¹)llulnsmodl
616 4148 773 4195 recensionis
798 4149 939 4209 partioniss
965 4162 1104 4209 superesse
1131 4149 1157 4196 ln
1185 4149 1330 4208 fragmento
1356 4153 1505 4212 pervetusto
1527 4151 1587 4200 libri
1613 4157 1643 4207 A.

368 4223 436 4282 qnod
453 4223 551 4271 detero
567 4221 683 4272 I‘ilnders
705 4226 799 4284 Petris,
817 4229 844 4274 st
860 4227 887 4274 in
905 4225 955 4274 silo
973 4227 1084 4288 quodam
1098 4227 1214 4276 eiusdem
1232 4227 1386 4288 rhapsodias
1401 4229 1544 4288 fragmento
1560 4244 1643 4291 nuper

368 4303 496 4349 oenessrn
514 4302 608 4364 delato,
627 4304 792 4351 coniecerunt
814 4305 838 4352 J.
861 4305 966 4352 tlenrad
982 4307 1008 4352 in
1023 4306 1276 4365 iiiiaungsboriohten
1292 4306 1309 4352 d
1333 4306 1411 4354 brier.
1426 4309 1472 4355 sk.
1484 4309 1546 4356 lool
1558 4322 1582 4370 p.
1593 4312 1637 4356 bbl

368 4381 396 4425 si
412 4381 435 4426 J.
452 4379 539 4428 Nicole
556 4381 643 4427 Βονιιο
660 4381 693 4427 (1ο
711 4382 854 4443 Philologle
873 4385 937 4431 looi
957 4399 983 4444 p.
1003 4386 1058 4432 llo.
1082 4385 1179 4432 Nomen
1196 4384 1243 4431 rh.
1254 4385 1310 4432 Birt
1319 4385 1365 4431 des
1383 4385 1469 4433 solite
1484 4387 1640 4436 Boehwssen

367 4459 567 4520 pulparum
589 4459 757 4519 probabiliter
783 4461 841 4508 inde
875 4463 970 4522 repetit
991 4463 1060 4522 quod
1085 4461 1190 4511 Iliadem
1223 4465 1250 4510 ei
1270 4463 1410 4523 odysseam
1435 4478 1486 4512 nno
1511 4467 1640 4515 volumine

369 4537 502 4597 compleas
519 4539 606 4585 inerit.

401 4610 425 4678 ³)
441 4616 478 4663 01.
496 4617 663 4675 Sengebusoh
682 4615 747 4664 Dies.
769 4619 842 4666 Hom.
863 4621 875 4667 l
894 4634 919 4681 p.
936 4621 993 4667 101.

399 4689 421 4754 ⁴)
438 4694 513 4742 blodo
530 4694 685 4752 Aristarcho,
703 4697 780 4744 modo
797 4698 971 4758 Aristophani,
991 4697 1067 4745 modo
1084 4699 1213 4747 Zenodoto
1231 4700 1366 4758 tribuitur,
1384 4702 1410 4749 id
1428 4715 1507 4750 unum
1521 4707 1639 4753 constare

367 4771 468 4820 ridetur
492 4773 546 4820 111⁰
570 4774 674 4821 nennio
699 4773 807 4823 Iliadem
832 4780 860 4824 et
885 4777 1026 4837 odysseam
1051 4777 1087 4823 lia
1113 4777 1192 4825 dividi
1218 4783 1324 4840 coeptas
1348 4795 1414 4829 esse.
1438 4782 1494 4829 vid.
1516 4783 1640 4831 Lndsiclr

367 4851 440 4898 Arist.
458 4853 484 4899 11
501 4867 527 4913 p.
546 4853 604 4900 110.

1528 4949 1559 4992 μ
