3908 5724
939 595 1004 656 abu
1472 595 1502 667 [fi
1530 597 1591 656 ite

324 785 400 856 (weil
431 786 632 846 indicandam
668 786 850 858 usurpetur.
882 782 944 844 Sed
975 783 1008 842 in
1033 782 1129 845 huius
1153 783 1240 845 verbi
1272 783 1410 844 flexione
1433 784 1591 845 actionem

325 888 547 947 continuatam
570 886 622 947 vel
646 887 799 946 iteratam
823 885 1025 960 exprimebat
1048 886 1257 958 praeteritum
1286 885 1398 959 stirpis
1422 885 1593 959 productae

324 983 487 1067 ἶ-βαλλ-ον,
515 987 669 1049 scribendi
700 1001 775 1047 vero
808 986 942 1047 verbum
974 985 1154 1060 proesentis
1176 987 1312 1061 stirpem
1336 1001 1398 1047 non
1421 987 1514 1046 auxit
1536 987 1592 1046 sed

324 1103 445 1149 novum
469 1090 680 1164 praeteritum
703 1087 884 1164 procreavit
906 1085 1114 1160 sigmaticum
1138 1083 1263 1166 ἔγραψα.
1288 1086 1420 1147 Nullum
1445 1121 1484 1130 —
1509 1087 1591 1160 apud

324 1190 502 1252 Homerum
527 1191 614 1251 certe
639 1223 679 1234 -
703 1191 754 1249 est
777 1187 1040 1249 conformationis
1062 1191 1121 1249 aut
1143 1188 1290 1248 iiexiouis
1313 1189 1486 1249 discrimen
1510 1189 1592 1248 iuter

323 1292 499 1367 praeterita
528 1289 606 1368 ἔφην
633 1293 667 1352 et
697 1287 780 1369 ἔβην,
802 1289 859 1350 sed
883 1287 961 1348 iilud
989 1288 1214 1362 imperfectum
1237 1290 1299 1351 dici
1322 1289 1415 1365 solet,
1440 1289 1592 1362 quoniam

324 1406 478 1466 praesens
513 1394 565 1453 est
599 1391 687 1468 φημί,
716 1391 776 1450 hoc
799 1389 950 1462 aoristus,
971 1389 1047 1461 quia
1068 1403 1221 1463 praesens
1248 1394 1281 1449 et
1304 1389 1528 1464 imperfectum
1553 1391 1591 1448 ab

324 1494 420 1552 aucta
442 1493 543 1568 stirpe
566 1494 645 1553 sunt
666 1491 772 1551 ducta.

366 1591 404 1651 ln
423 1592 535 1652 eoristi
554 1591 595 1652 ΙΙΙ
618 1591 756 1653 flexione
776 1589 859 1650 solet
878 1589 989 1649 vocatu
1007 1588 1170 1648 themotioc
1189 1590 1354 1664 usurpari;
1376 1604 1458 1663 quse
1481 1594 1590 1650 tamen

321 1707 385 1752 non
408 1707 481 1752 raro
503 1692 605 1767 abest,
629 1706 689 1753 nec
712 1690 819 1752 solum
843 1723 884 1734 -—
916 1691 953 1750 ut
976 1690 1059 1764 apud
1083 1689 1210 1750 Atticos
1229 1722 1269 1731 —
1299 1691 1339 1750 sb
1366 1692 1497 1751 aoristis
1519 1707 1590 1765 quo-

321 1807 395 1852 rum
426 1793 525 1869 stirps
559 1793 753 1854 terminatur
788 1790 901 1867 vocali,
936 1805 964 1851 e.
983 1805 1013 1864 g.
1038 1787 1121 1868 ἔβην,
1150 1790 1207 1850 sed
1243 1792 1344 1851 etiam
1376 1793 1449 1866 post
1475 1793 1593 1866 stirpes

321 1893 492 1954 nonnullas
514 1894 642 1968 generis
664 1894 768 1968 medii,
792 1907 873 1967 quas
896 1891 1018 1954 claudit
1040 1905 1190 1967 consone,
1215 1893 1338 1953 omissa
1349 1897 1410 1968 est,
1423 1909 1450 1954 e.
1463 1907 1493 1966 g.
1519 1885 1593 1970 bovo

323 1992 343 2069 ὃ
369 1989 457 2070 284“,
480 1993 631 2072 stuprose
652 1992 672 2071 ὅ
695 1987 771 2054 221⁴
797 1993 828 2063 ¹).

366 2093 429 2154 Ubi
459 2095 553 2155 adest
582 2096 760 2156 thematica
789 2093 920 2170 vocalis,
952 2093 1064 2154 aoristi
1091 2093 1223 2154 secundi
1247 2097 1360 2154 amant
1384 2095 1592 2170 reduplicatio-

322 2209 395 2254 nem
418 2191 471 2272 (ci.
493 2193 514 2272 ὅ
538 2197 629 2270 136);
653 2196 745 2257 cuius
767 2195 912 2270 syllabae
932 2193 1061 2256 liberior
1079 2197 1130 2254 est
1154 2210 1243 2270 usus,
1264 2194 1483 2270 compluribus
1506 2197 1592 2257 enim

322 2295 463 2373 aoristis,
475 2310 556 2370 quos
575 2313 652 2357 mox
664 2297 914 2372 recensebimus
926 2296 1021 2371 poeta
1039 2295 1146 2369 prouti
1165 2295 1290 2357 iuberet
1309 2297 1592 2371 reduplicationem

325 2397 420 2458 modo
444 2397 557 2459 tribuit
579 2399 674 2460 modo
697 2398 876 2473 denegavit.

367 2497 505 2560 Omnino
534 2503 645 2562 autem
677 2516 796 2574 magna
826 2500 976 2562 libertate
1007 2499 1058 2560 usi
1089 2502 1168 2561 aunt
1187 2501 1301 2575 poetae
1324 2501 1406 2575 epici
1430 2501 1463 2561 in
1487 2502 1592 2562 verbo-

324 2615 398 2661 rum
422 2600 535 2661 turmis
558 2599 757 2678 effingendis,
781 2603 829 2662 ita
852 2604 889 2662 ut
911 2601 967 2660 uni
990 2601 1159 2674 eidemque
1184 2601 1279 2661 verbo
1310 2602 1395 2661 baud
1418 2618 1491 2662 raro
1515 2602 1594 2661 duos

324 2702 376 2763 vel
412 2701 511 2762 etiam
542 2701 651 2778 piures
681 2703 821 2765 acrisios
852 2703 1031 2764 tribuerent
1052 2703 1122 2764 siue
1147 2702 1212 2762 uilo
1235 2703 1375 2763 notionis
1397 2703 1594 2764 discrimine.

300 2801 479 2880 'Exemplo
512 2805 556 2866 sit
587 2807 720 2868 verbum
751 2803 910 2886 τέρπεσθαι
945 2806 1087 2867 debriari
1117 2804 1234 2884 5250,
1265 2806 1358 2868 cuius
1387 2807 1527 2882 quinque
1554 2809 1592 2868 ad

325 2908 498 2970 minimum
517 2912 629 2972 coristi
649 2911 919 2974 circumferuntur
939 2912 971 2972 in
993 2911 1190 2972 carminibus
1207 2909 1403 2972 Homericis:
1425 2908 1593 2990 ἕταρπόμην

326 3011 376 3072 val
407 3007 606 3092 ἕτεταρπόμην
639 3014 689 3076 vel
717 3011 886 3095 ἐτερψάμην
910 3013 961 3075 vel
993 3010 1143 3090 ἕτέρφθην
1167 3011 1218 3073 vel
1242 3010 1386 3091 ἐτάρπηνς
1408 3016 1502 3074 sexto
1526 3014 1594 3074 loco

324 3115 482 3174 recenseri
515 3117 624 3190 potest
657 3115 735 3176 iilud
768 3114 948 3194 τρᾶπήομεν,
981 3115 1066 3188 quod
1100 3129 1155 3189 per
1189 3115 1385 3176 metathesin
1417 3113 1447 3190 (ξ
1476 3116 1530 3184 39)
1553 3129 1593 3173 ex

324 3209 454 3288 ἕτάρπην
484 3215 614 3289 prodiit;
644 3215 805 3290 septimus
831 3214 967 3287 denique
987 3213 1151 3274 addendus
1169 3216 1259 3275 esset
1278 3215 1419 3274 aoristus
1440 3211 1594 3288 ἑτάρφθην

325 3317 350 3385 (ι
374 3315 449 3389 213,
474 3315 536 3374 251
561 3336 585 3389 φ
609 3317 649 3376 57
674 3317 690 3386 ζ
711 3317 776 3390 99),
808 3316 871 3375 nisi
894 3315 1005 3390 spuria
1029 3314 1190 3374 videretur
1212 3317 1292 3375 haec
1315 3315 1427 3374 torma.
1456 3314 1593 3373 iiuitum

326 3414 468 3474 valuisse
491 3415 720 3477 necessitatem
749 3415 922 3476 metricam
945 3414 985 3475 sd
1009 3429 1111 3474 novas
1134 3415 1256 3476 tonnas
1278 3415 1311 3474 in
1334 3415 1440 3474 iucem
1463 3427 1594 3474 evocan-

326 3514 394 3590 das,
418 3531 514 3577 nemo
536 3531 600 3576 nou
624 3516 792 3590 intellegit.

370 3616 622 3677 Recensebimus
653 3616 722 3675 iam
744 3618 878 3677 cunctos
901 3617 1040 3676 aoristos
1063 3616 1230 3691 secundos,
1254 3616 1309 3689 qui
1343 3616 1376 3676 in
1399 3613 1595 3675 carminibus

327 3716 426 3789 epicis
449 3717 666 3790 reperiuntur:

370 3887 392 3969 s
415 3888 489 3954 149.
590 3894 628 3951 a,
655 3891 772 3952 Aemi
793 3893 920 3952 eaeor
942 3907 1015 3952 eim
1037 3891 1133 3951 owart
1154 3891 1324 3950 ommim.

653 4031 681 4100 l)
707 4029 824 4106 Stirpee
846 4031 881 4089 iit
903 4030 1035 4090 coccum
1061 4025 1082 4100 ²)
1104 4031 1279 4090 decima.

374 4157 402 4217 1.
426 4155 486 4228 (δα)
515 4149 615 4215 ’δέδαε
639 4151 662 4226 ¹)
700 4157 802 4228 {233
833 4157 945 4216 b448
975 4180 995 4215 υ
1020 4158 1060 4218 72
1092 4169 1118 4232 ψ
1144 4157 1217 4234 160,
1247 4151 1407 4215 δεδαὲσθαι
1431 4157 1462 4212 Λ
1485 4153 1595 4221 Salii)

327 4279 350 4318 rs
373 4260 448 4320 816.
473 4289 515 4300 -
539 4256 609 4318 Vid.
634 4255 654 4334 ξ
680 4259 754 4320 203.

362 4424 382 4492 Ι)
398 4429 503 4478 Rectius
528 4431 636 4479 iortssss
661 4444 677 4478 s
702 4431 832 4479 nonnullis
855 4431 916 4479 siris
939 4430 1022 4479 doctis
1040 4431 1116 4480 bodie
1133 4433 1256 4479 statuitur
1272 4429 1393 4492 ammerici
1410 4429 1498 4476 serisii
1515 4427 1593 4476 medii

326 4509 375 4557 lass
399 4521 456 4557 esse
479 4509 575 4556 iormss
591 4511 689 4560 ratione
712 4509 886 4560 vetustissimo
903 4505 970 4574 (siue
988 4509 1071 4558 sossii
1088 4529 1103 4557 a
1121 4507 1211 4575 igitur)
1229 4511 1363 4558 iormstss:
1384 4507 1489 4576 ὧρ-υ-ω,
1505 4497 1594 4556 frid-e-

327 4607 402 4649 μινος.
420 4587 476 4637 vid
493 4589 523 4638 G.
541 4587 639 4650 Eeyar¹
657 4591 671 4650 fi
690 4591 747 4639 580.

361 4666 383 4733 ¹)
399 4669 501 4719 Voosiis
518 4673 564 4720 snt
579 4674 621 4721 sst
638 4691 646 4719 r
665 4672 706 4721 ssi
723 4689 737 4720 υ
753 4674 800 4720 snt
816 4671 946 4720 interoidit
963 4672 1140 4720 semivocalis:
1159 4673 1223 4727 ‹la-s.
1240 4664 1314 4734 prr-f,
1331 4663 1420 4735 χρώ.

362 4747 383 4810 ³)
400 4751 508 4812 semper
527 4753 586 4814 post
602 4765 742 4800 osuursm.
