<?xml version="1.0" encoding="UTF-8"?>
<!DOCTYPE html PUBLIC "-//W3C//DTD XHTML 1.0 Transitional//EN"
    "http://www.w3.org/TR/xhtml1/DTD/xhtml1-transitional.dtd">
<html xmlns="http://www.w3.org/1999/xhtml" xml:lang="en" lang="en">
 <head>
  <title>
</title>
<meta http-equiv="Content-Type" content="text/html;charset=utf-8" />
  <meta name='ocr-system' content='tesseract 3.04.00' />
  <meta name='ocr-capabilities' content='ocr_page ocr_carea ocr_par ocr_line ocrx_word'/>
</head>
<body>
  <div class='ocr_page' id='page_1' title='image "./enchiridiumdict01leeugoog_0072.png"; bbox 0 0 3848 5688; ppageno 0'>
   <div class='ocr_carea' id='block_1_1' title="bbox 943 601 1012 645">
    <p class='ocr_par' dir='ltr' id='par_1_1' title="bbox 943 601 1012 645">
     <span class='ocr_line' id='line_1_1' title="bbox 943 601 1012 645; baseline -0.014 0"><span class='ocrx_word' id='word_1_1' title='bbox 943 601 1012 645; x_wconf 70' lang='lat' dir='ltr'><strong>exn</strong></span> 
     </span>
    </p>
   </div>
   <div class='ocr_carea' id='block_1_2' title="bbox 275 772 1613 4298">
    <p class='ocr_par' dir='ltr' id='par_1_2' title="bbox 275 772 1613 2896">
     <span class='ocr_line' id='line_1_2' title="bbox 346 772 1610 848; baseline 0.002 -12"><span class='ocrx_word' id='word_1_2' title='bbox 346 776 488 837; x_wconf 86' lang='lat' dir='ltr'><strong>nonnihil</strong></span> <span class='ocrx_word' id='word_1_3' title='bbox 519 775 636 836; x_wconf 88' lang='lat' dir='ltr'><strong>studiis</strong></span> <span class='ocrx_word' id='word_1_4' title='bbox 666 773 847 835; x_wconf 81' lang='lat' dir='ltr'><strong>Homericis</strong></span> <span class='ocrx_word' id='word_1_5' title='bbox 877 773 1003 848; x_wconf 90' lang='lat' dir='ltr'><strong>intulit;</strong></span> <span class='ocrx_word' id='word_1_6' title='bbox 1034 772 1130 834; x_wconf 89' lang='lat' dir='ltr'><strong>hulus</strong></span> <span class='ocrx_word' id='word_1_7' title='bbox 1161 777 1249 836; x_wconf 88' lang='lat' dir='ltr'><strong>enim</strong></span> <span class='ocrx_word' id='word_1_8' title='bbox 1276 777 1507 839; x_wconf 69' lang='lat' dir='ltr'><strong>fallacissimae</strong></span> <span class='ocrx_word' id='word_1_9' title='bbox 1529 779 1610 838; x_wconf 87' lang='lat' dir='ltr'><strong>artis</strong></span> 
     </span>
     <span class='ocr_line' id='line_1_3' title="bbox 346 874 1609 954; baseline -0.001 -15"><span class='ocrx_word' id='word_1_10' title='bbox 346 893 414 954; x_wconf 86' lang='lat' dir='ltr'><strong>ope,</strong></span> <span class='ocrx_word' id='word_1_11' title='bbox 434 893 515 953; x_wconf 86' lang='lat' dir='ltr'><strong>quac</strong></span> <span class='ocrx_word' id='word_1_12' title='bbox 536 877 619 938; x_wconf 90' lang='lat' dir='ltr'><strong>inter</strong></span> <span class='ocrx_word' id='word_1_13' title='bbox 637 878 764 937; x_wconf 88' lang='lat' dir='ltr'><strong>veteres</strong></span> <span class='ocrx_word' id='word_1_14' title='bbox 782 874 863 935; x_wconf 89' lang='lat' dir='ltr'><strong>nihil</strong></span> <span class='ocrx_word' id='word_1_15' title='bbox 882 875 953 934; x_wconf 85' lang='lat' dir='ltr'><strong>sani</strong></span> <span class='ocrx_word' id='word_1_16' title='bbox 966 875 998 934; x_wconf 91' lang='lat' dir='ltr'><strong>in</strong></span> <span class='ocrx_word' id='word_1_17' title='bbox 1019 874 1125 935; x_wconf 87' lang='lat' dir='ltr'><strong>lucem</strong></span> <span class='ocrx_word' id='word_1_18' title='bbox 1145 879 1287 954; x_wconf 89' lang='lat' dir='ltr'><strong>protulit,</strong></span> <span class='ocrx_word' id='word_1_19' title='bbox 1308 895 1476 940; x_wconf 78' lang='lat' dir='ltr'><strong>mscamm</strong></span> <span class='ocrx_word' id='word_1_20' title='bbox 1495 895 1609 940; x_wconf 91' lang='lat' dir='ltr'><strong>vocum</strong></span> 
     </span>
     <span class='ocr_line' id='line_1_4' title="bbox 347 976 1610 1056; baseline 0 -16"><span class='ocrx_word' id='word_1_21' title='bbox 347 994 456 1040; x_wconf 91' lang='lat' dir='ltr'><strong>veram</strong></span> <span class='ocrx_word' id='word_1_22' title='bbox 491 979 687 1054; x_wconf 88' lang='lat' dir='ltr'><strong>potestatem</strong></span> <span class='ocrx_word' id='word_1_23' title='bbox 720 977 872 1050; x_wconf 90' lang='lat' dir='ltr'><strong>indagare</strong></span> <span class='ocrx_word' id='word_1_24' title='bbox 902 976 980 1036; x_wconf 92' lang='lat' dir='ltr'><strong>dum</strong></span> <span class='ocrx_word' id='word_1_25' title='bbox 1012 977 1210 1038; x_wconf 81' lang='lat' dir='ltr'><strong>conabantur</strong></span> <span class='ocrx_word' id='word_1_26' title='bbox 1239 981 1402 1056; x_wconf 80' lang='lat' dir='ltr'><strong>epicorum</strong></span> <span class='ocrx_word' id='word_1_27' title='bbox 1429 983 1610 1041; x_wconf 80' lang='lat' dir='ltr'><strong>carminum</strong></span> 
     </span>
     <span class='ocr_line' id='line_1_5' title="bbox 345 1076 1611 1155; baseline 0 -15"><span class='ocrx_word' id='word_1_28' title='bbox 345 1081 546 1155; x_wconf 86' lang='lat' dir='ltr'><strong>interpretes,</strong></span> <span class='ocrx_word' id='word_1_29' title='bbox 567 1077 698 1139; x_wconf 87' lang='lat' dir='ltr'><strong>ridicule</strong></span> <span class='ocrx_word' id='word_1_30' title='bbox 719 1077 853 1138; x_wconf 81' lang='lat' dir='ltr'><strong>subinde</strong></span> <span class='ocrx_word' id='word_1_31' title='bbox 872 1076 954 1151; x_wconf 89' lang='lat' dir='ltr'><strong>lapsi</strong></span> <span class='ocrx_word' id='word_1_32' title='bbox 973 1081 1060 1138; x_wconf 88' lang='lat' dir='ltr'><strong>sunt.</strong></span> <span class='ocrx_word' id='word_1_33' title='bbox 1081 1077 1252 1154; x_wconf 84' lang='lat' dir='ltr'><strong>complura</strong></span> <span class='ocrx_word' id='word_1_34' title='bbox 1270 1081 1367 1141; x_wconf 80' lang='lat' dir='ltr'><strong>liuius</strong></span> <span class='ocrx_word' id='word_1_35' title='bbox 1379 1081 1483 1141; x_wconf 89' lang='lat' dir='ltr'><strong>morbi</strong></span> <span class='ocrx_word' id='word_1_36' title='bbox 1494 1081 1611 1141; x_wconf 90' lang='lat' dir='ltr'><strong>indicia</strong></span> 
     </span>
     <span class='ocr_line' id='line_1_6' title="bbox 344 1176 1610 1258; baseline -0.001 -15"><span class='ocrx_word' id='word_1_37' title='bbox 344 1181 438 1243; x_wconf 89' lang='lat' dir='ltr'><strong>modo</strong></span> <span class='ocrx_word' id='word_1_38' title='bbox 460 1181 679 1256; x_wconf 84' lang='lat' dir='ltr'><strong>ostendimus;</strong></span> <span class='ocrx_word' id='word_1_39' title='bbox 703 1178 812 1239; x_wconf 86' lang='lat' dir='ltr'><strong>addita</strong></span> <span class='ocrx_word' id='word_1_40' title='bbox 835 1179 906 1238; x_wconf 90' lang='lat' dir='ltr'><strong>esto</strong></span> <span class='ocrx_word' id='word_1_41' title='bbox 927 1179 1107 1241; x_wconf 87' lang='lat' dir='ltr'><strong>interiectio</strong></span> <span class='ocrx_word' id='word_1_42' title='bbox 1127 1176 1151 1239; x_wconf 81' lang='grc' dir='ltr'><strong>ὢ</strong></span> <span class='ocrx_word' id='word_1_43' title='bbox 1170 1179 1272 1258; x_wconf 70' lang='grc' dir='ltr'><strong><em>κόποι,</em></strong></span> <span class='ocrx_word' id='word_1_44' title='bbox 1290 1197 1365 1243; x_wconf 90' lang='lat' dir='ltr'><strong>cum</strong></span> <span class='ocrx_word' id='word_1_45' title='bbox 1386 1183 1510 1256; x_wconf 86' lang='lat' dir='ltr'><strong>tragica</strong></span> <span class='ocrx_word' id='word_1_46' title='bbox 1533 1197 1610 1242; x_wconf 89' lang='lat' dir='ltr'><strong>voce</strong></span> 
     </span>
     <span class='ocr_line' id='line_1_7' title="bbox 344 1281 1611 1358; baseline -0.001 -15"><span class='ocrx_word' id='word_1_47' title='bbox 344 1287 447 1343; x_wconf 77' lang='grc' dir='ltr'><strong><em>παπαῖ</em></strong></span> <span class='ocrx_word' id='word_1_48' title='bbox 460 1281 685 1358; x_wconf 86' lang='lat' dir='ltr'><strong>comparanda,</strong></span> <span class='ocrx_word' id='word_1_49' title='bbox 709 1295 806 1354; x_wconf 88' lang='lat' dir='ltr'><strong>quem</strong></span> <span class='ocrx_word' id='word_1_50' title='bbox 830 1281 1015 1341; x_wconf 86' lang='lat' dir='ltr'><strong>vocativum</strong></span> <span class='ocrx_word' id='word_1_51' title='bbox 1040 1297 1122 1358; x_wconf 86' lang='lat' dir='ltr'><strong>esse,</strong></span> <span class='ocrx_word' id='word_1_52' title='bbox 1146 1283 1216 1342; x_wconf 83' lang='lat' dir='ltr'><strong>dces</strong></span> <span class='ocrx_word' id='word_1_53' title='bbox 1238 1285 1350 1343; x_wconf 88' lang='lat' dir='ltr'><strong>autem</strong></span> <span class='ocrx_word' id='word_1_54' title='bbox 1373 1283 1555 1358; x_wconf 84' lang='lat' dir='ltr'><strong>signiticare</strong></span> <span class='ocrx_word' id='word_1_55' title='bbox 1578 1285 1611 1343; x_wconf 90' lang='lat' dir='ltr'><strong>et</strong></span> 
     </span>
     <span class='ocr_line' id='line_1_8' title="bbox 345 1380 1611 1458; baseline -0.001 -14"><span class='ocrx_word' id='word_1_56' title='bbox 345 1400 364 1444; x_wconf 93' lang='lat' dir='ltr'><strong>e</strong></span> <span class='ocrx_word' id='word_1_57' title='bbox 386 1383 550 1458; x_wconf 86' lang='lat' dir='ltr'><strong>Dryopum</strong></span> <span class='ocrx_word' id='word_1_58' title='bbox 574 1381 809 1454; x_wconf 83' lang='lat' dir='ltr'><strong>Scytharumve</strong></span> <span class='ocrx_word' id='word_1_59' title='bbox 831 1380 941 1452; x_wconf 84' lang='lat' dir='ltr'><strong>lingua</strong></span> <span class='ocrx_word' id='word_1_60' title='bbox 963 1395 1036 1440; x_wconf 83' lang='lat' dir='ltr'><strong>esse</strong></span> <span class='ocrx_word' id='word_1_61' title='bbox 1058 1384 1240 1458; x_wconf 81' lang='lat' dir='ltr'><strong>repetibam,</strong></span> <span class='ocrx_word' id='word_1_62' title='bbox 1264 1386 1298 1444; x_wconf 90' lang='lat' dir='ltr'><strong>et</strong></span> <span class='ocrx_word' id='word_1_63' title='bbox 1320 1383 1377 1443; x_wconf 91' lang='lat' dir='ltr'><strong>alii</strong></span> <span class='ocrx_word' id='word_1_64' title='bbox 1403 1384 1466 1443; x_wconf 90' lang='lat' dir='ltr'><strong>sibi</strong></span> <span class='ocrx_word' id='word_1_65' title='bbox 1484 1397 1611 1458; x_wconf 90' lang='lat' dir='ltr'><strong>persua·</strong></span> 
     </span>
     <span class='ocr_line' id='line_1_9' title="bbox 345 1479 1610 1556; baseline -0.002 -12"><span class='ocrx_word' id='word_1_66' title='bbox 345 1485 458 1544; x_wconf 86' lang='lat' dir='ltr'><strong>serunt</strong></span> <span class='ocrx_word' id='word_1_67' title='bbox 487 1485 520 1543; x_wconf 91' lang='lat' dir='ltr'><strong>et</strong></span> <span class='ocrx_word' id='word_1_68' title='bbox 550 1481 747 1556; x_wconf 89' lang='lat' dir='ltr'><strong>Lycophron‚</strong></span> <span class='ocrx_word' id='word_1_69' title='bbox 778 1481 833 1553; x_wconf 87' lang='lat' dir='ltr'><strong>qui</strong></span> <span class='ocrx_word' id='word_1_70' title='bbox 864 1479 1037 1540; x_wconf 81' lang='lat' dir='ltr'><strong>Alexandr.</strong></span> <span class='ocrx_word' id='word_1_71' title='bbox 1066 1497 1112 1541; x_wconf 88' lang='lat' dir='ltr'><strong>vs.</strong></span> <span class='ocrx_word' id='word_1_72' title='bbox 1137 1483 1201 1541; x_wconf 80' lang='lat'><strong>943</strong></span> <span class='ocrx_word' id='word_1_73' title='bbox 1226 1483 1405 1543; x_wconf 85' lang='lat' dir='ltr'><strong>Homerum</strong></span> <span class='ocrx_word' id='word_1_74' title='bbox 1430 1484 1553 1544; x_wconf 84' lang='lat' dir='ltr'><strong>imitari</strong></span> <span class='ocrx_word' id='word_1_75' title='bbox 1575 1498 1610 1542; x_wconf 89' lang='lat' dir='ltr'><strong>se</strong></span> 
     </span>
     <span class='ocr_line' id='line_1_10' title="bbox 345 1577 1611 1660; baseline -0.002 -16"><span class='ocrx_word' id='word_1_76' title='bbox 345 1586 437 1644; x_wconf 78' lang='lat' dir='ltr'><strong>ratus</strong></span> <span class='ocrx_word' id='word_1_77' title='bbox 467 1583 551 1644; x_wconf 80' lang='lat' dir='ltr'><strong>dixit</strong></span> <span class='ocrx_word' id='word_1_78' title='bbox 580 1580 680 1659; x_wconf 78' lang='grc' dir='ltr'><strong><em>τοίγορ</em></strong></span> <span class='ocrx_word' id='word_1_79' title='bbox 710 1578 802 1638; x_wconf 84' lang='grc' dir='ltr'><strong><em>ιιόιιοι</em></strong></span> <span class='ocrx_word' id='word_1_80' title='bbox 832 1579 961 1656; x_wconf 72' lang='grc' dir='ltr'><strong><em>φύξηλιν</em></strong></span> <span class='ocrx_word' id='word_1_81' title='bbox 989 1577 1148 1658; x_wconf 75' lang='grc' dir='ltr'><strong><em>ἤνόροσσν</em></strong></span> <span class='ocrx_word' id='word_1_82' title='bbox 1178 1581 1300 1660; x_wconf 79' lang='grc' dir='ltr'><strong><em>σιιόμον,</em></strong></span> <span class='ocrx_word' id='word_1_83' title='bbox 1330 1584 1379 1642; x_wconf 78' lang='lat' dir='ltr'><strong>dei</strong></span> <span class='ocrx_word' id='word_1_84' title='bbox 1407 1585 1611 1658; x_wconf 68' lang='lat' dir='ltr'><strong>fiagitivorttm</strong></span> 
     </span>
     <span class='ocr_line' id='line_1_11' title="bbox 340 1679 1610 1761; baseline 0 -18"><span class='ocrx_word' id='word_1_85' title='bbox 340 1684 462 1761; x_wconf 79' lang='lat' dir='ltr'><strong>protem</strong></span> <span class='ocrx_word' id='word_1_86' title='bbox 496 1683 540 1742; x_wconf 85' lang='lat' dir='ltr'><strong>cd</strong></span> <span class='ocrx_word' id='word_1_87' title='bbox 573 1679 806 1742; x_wconf 72' lang='lat' dir='ltr'><strong>adobscentiom</strong></span> <span class='ocrx_word' id='word_1_88' title='bbox 832 1680 1067 1756; x_wconf 73' lang='lat' dir='ltr'><strong>perdoceam,-</strong></span> <span class='ocrx_word' id='word_1_89' title='bbox 1097 1681 1177 1741; x_wconf 81' lang='lat' dir='ltr'><strong>iiem</strong></span> <span class='ocrx_word' id='word_1_90' title='bbox 1206 1683 1388 1757; x_wconf 82' lang='lat' dir='ltr'><strong>Euphorion</strong></span> <span class='ocrx_word' id='word_1_91' title='bbox 1411 1685 1495 1758; x_wconf 91' lang='lat' dir='ltr'><strong>apud</strong></span> <span class='ocrx_word' id='word_1_92' title='bbox 1518 1683 1610 1758; x_wconf 85' lang='lat' dir='ltr'><strong>Apol·</strong></span> 
     </span>
     <span class='ocr_line' id='line_1_12' title="bbox 345 1775 1609 1860; baseline -0.001 -15"><span class='ocrx_word' id='word_1_93' title='bbox 345 1785 468 1846; x_wconf 87' lang='lat' dir='ltr'><strong>lonium</strong></span> <span class='ocrx_word' id='word_1_94' title='bbox 500 1784 533 1843; x_wconf 88' lang='lat' dir='ltr'><strong>lii</strong></span> <span class='ocrx_word' id='word_1_95' title='bbox 564 1783 668 1843; x_wconf 79' lang='lat' dir='ltr'><strong>lexico</strong></span> <span class='ocrx_word' id='word_1_96' title='bbox 697 1781 869 1842; x_wconf 79' lang='lat' dir='ltr'><strong>Homerico</strong></span> <span class='ocrx_word' id='word_1_97' title='bbox 898 1777 931 1838; x_wconf 76' lang='grc' dir='ltr'><strong><em>ἕν</em></strong></span> <span class='ocrx_word' id='word_1_98' title='bbox 958 1775 990 1837; x_wconf 72' lang='grc' dir='ltr'><strong>δὲ</strong></span> <span class='ocrx_word' id='word_1_99' title='bbox 1013 1779 1121 1852; x_wconf 68' lang='grc' dir='ltr'><strong><em>πόκοις</em></strong></span> <span class='ocrx_word' id='word_1_100' title='bbox 1151 1779 1283 1860; x_wconf 70' lang='grc' dir='ltr'><strong><em>ἕσσαντο,</em></strong></span> <span class='ocrx_word' id='word_1_101' title='bbox 1312 1785 1393 1843; x_wconf 76' lang='lat' dir='ltr'><strong>inter</strong></span> <span class='ocrx_word' id='word_1_102' title='bbox 1421 1785 1492 1844; x_wconf 78' lang='lat' dir='ltr'><strong>dece</strong></span> <span class='ocrx_word' id='word_1_103' title='bbox 1513 1800 1609 1843; x_wconf 77' lang='lat' dir='ltr'><strong>conte·</strong></span> 
     </span>
     <span class='ocr_line' id='line_1_13' title="bbox 345 1877 1610 1961; baseline -0.002 -14"><span class='ocrx_word' id='word_1_104' title='bbox 345 1887 476 1958; x_wconf 60' lang='lat' dir='ltr'><strong>deracau</strong></span> <span class='ocrx_word' id='word_1_105' title='bbox 504 1883 568 1945; x_wconf 91' lang='lat' dir='ltr'><strong>vid.</strong></span> <span class='ocrx_word' id='word_1_106' title='bbox 599 1883 681 1944; x_wconf 88' lang='lat' dir='ltr'><strong>inire</strong></span> <span class='ocrx_word' id='word_1_107' title='bbox 703 1883 722 1952; x_wconf 67' lang='grc'><strong>3</strong></span> <span class='ocrx_word' id='word_1_108' title='bbox 745 1877 832 1942; x_wconf 82' lang='lat'>328⁸.</span> <span class='ocrx_word' id='word_1_109' title='bbox 856 1881 948 1940; x_wconf 89' lang='lat' dir='ltr'><strong>liitto</strong></span> <span class='ocrx_word' id='word_1_110' title='bbox 970 1895 1056 1941; x_wconf 93' lang='lat' dir='ltr'><strong>nunc</strong></span> <span class='ocrx_word' id='word_1_111' title='bbox 1080 1897 1204 1942; x_wconf 89' lang='lat' dir='ltr'><strong>errores</strong></span> <span class='ocrx_word' id='word_1_112' title='bbox 1226 1884 1353 1944; x_wconf 81' lang='lat' dir='ltr'><strong>facilius</strong></span> <span class='ocrx_word' id='word_1_113' title='bbox 1377 1886 1610 1961; x_wconf 72' lang='lat' dir='ltr'><strong>condonandoS,</strong></span> 
     </span>
     <span class='ocr_line' id='line_1_14' title="bbox 346 1979 1611 2062; baseline -0.001 -15"><span class='ocrx_word' id='word_1_114' title='bbox 346 1987 451 2062; x_wconf 86' lang='lat' dir='ltr'><strong>qualia</strong></span> <span class='ocrx_word' id='word_1_115' title='bbox 475 1986 527 2048; x_wconf 89' lang='lat' dir='ltr'><strong>est</strong></span> <span class='ocrx_word' id='word_1_116' title='bbox 550 1999 614 2045; x_wconf 86' lang='lat' dir='ltr'><strong>vox</strong></span> <span class='ocrx_word' id='word_1_117' title='bbox 636 1980 786 2062; x_wconf 71' lang='grc' dir='ltr'><strong><em>ἀλφησταί</em></strong></span> <span class='ocrx_word' id='word_1_118' title='bbox 806 1999 826 2044; x_wconf 87' lang='lat' dir='ltr'><strong>a</strong></span> <span class='ocrx_word' id='word_1_119' title='bbox 849 1984 945 2044; x_wconf 88' lang='lat' dir='ltr'><strong>verbo</strong></span> <span class='ocrx_word' id='word_1_120' title='bbox 966 1979 1110 2058; x_wconf 76' lang='grc' dir='ltr'><strong><em>ἀιφάντιν</em></strong></span> <span class='ocrx_word' id='word_1_121' title='bbox 1130 1982 1236 2061; x_wconf 83' lang='lat' dir='ltr'><strong>ducta,</strong></span> <span class='ocrx_word' id='word_1_122' title='bbox 1256 1987 1350 2060; x_wconf 88' lang='lat' dir='ltr'><strong>quasi</strong></span> <span class='ocrx_word' id='word_1_123' title='bbox 1367 1987 1498 2047; x_wconf 73' lang='lat' dir='ltr'><strong>robertes</strong></span> <span class='ocrx_word' id='word_1_124' title='bbox 1517 1987 1611 2060; x_wconf 88' lang='lat' dir='ltr'><strong>signi·</strong></span> 
     </span>
     <span class='ocr_line' id='line_1_15' title="bbox 347 2083 1612 2163; baseline -0.001 -14"><span class='ocrx_word' id='word_1_125' title='bbox 347 2087 475 2150; x_wconf 83' lang='lat' dir='ltr'><strong>ficaret:</strong></span> <span class='ocrx_word' id='word_1_126' title='bbox 507 2087 555 2147; x_wconf 88' lang='lat' dir='ltr'><strong>lta</strong></span> <span class='ocrx_word' id='word_1_127' title='bbox 584 2086 727 2146; x_wconf 84' lang='lat' dir='ltr'><strong>adhibita</strong></span> <span class='ocrx_word' id='word_1_128' title='bbox 756 2087 807 2146; x_wconf 91' lang='lat' dir='ltr'><strong>est</strong></span> <span class='ocrx_word' id='word_1_129' title='bbox 836 2085 877 2146; x_wconf 91' lang='lat' dir='ltr'><strong>ab</strong></span> <span class='ocrx_word' id='word_1_130' title='bbox 908 2083 1068 2158; x_wconf 80' lang='lat' dir='ltr'><strong>Aeschylo</strong></span> <span class='ocrx_word' id='word_1_131' title='bbox 1099 2085 1185 2161; x_wconf 85' lang='lat' dir='ltr'><strong>Sept.</strong></span> <span class='ocrx_word' id='word_1_132' title='bbox 1220 2088 1280 2148; x_wconf 92' lang='grc'><strong>771</strong></span> <span class='ocrx_word' id='word_1_133' title='bbox 1304 2093 1336 2156; x_wconf 85' lang='lat'><strong>¹).</strong></span> <span class='ocrx_word' id='word_1_134' title='bbox 1359 2088 1470 2162; x_wconf 85' lang='lat' dir='ltr'><strong>Neque</strong></span> <span class='ocrx_word' id='word_1_135' title='bbox 1493 2088 1612 2163; x_wconf 88' lang='lat' dir='ltr'><strong>urgebo</strong></span> 
     </span>
     <span class='ocr_line' id='line_1_16' title="bbox 346 2185 1613 2266; baseline 0.001 -17"><span class='ocrx_word' id='word_1_136' title='bbox 346 2189 478 2266; x_wconf 82' lang='lat' dir='ltr'><strong>Vergilii</strong></span> <span class='ocrx_word' id='word_1_137' title='bbox 509 2189 542 2249; x_wconf 92' lang='lat' dir='ltr'><strong>in</strong></span> <span class='ocrx_word' id='word_1_138' title='bbox 574 2187 679 2250; x_wconf 88' lang='lat' dir='ltr'><strong>verbis</strong></span> <span class='ocrx_word' id='word_1_139' title='bbox 710 2187 810 2264; x_wconf 88' lang='lat' dir='ltr'><strong>epicis</strong></span> <span class='ocrx_word' id='word_1_140' title='bbox 842 2185 1012 2248; x_wconf 82' lang='lat' dir='ltr'><strong>reddendis</strong></span> <span class='ocrx_word' id='word_1_141' title='bbox 1041 2203 1165 2249; x_wconf 87' lang='lat' dir='ltr'><strong>errores</strong></span> <span class='ocrx_word' id='word_1_142' title='bbox 1187 2191 1399 2264; x_wconf 87' lang='lat' dir='ltr'><strong>quantumvis</strong></span> <span class='ocrx_word' id='word_1_143' title='bbox 1421 2191 1613 2252; x_wconf 84' lang='lat' dir='ltr'><strong>manifestos</strong></span> 
     </span>
     <span class='ocr_line' id='line_1_17' title="bbox 346 2291 1612 2372; baseline -0.001 -18"><span class='ocrx_word' id='word_1_144' title='bbox 346 2298 484 2356; x_wconf 78' lang='grc' dir='ltr'><strong><em>οιοιοιοο</em></strong></span> <span class='ocrx_word' id='word_1_145' title='bbox 502 2308 635 2369; x_wconf 78' lang='lat' dir='ltr'><strong>magnos</strong></span> <span class='ocrx_word' id='word_1_146' title='bbox 654 2295 794 2354; x_wconf 74' lang='grc' dir='ltr'><strong><em>ειοιιιιιιιι</em></strong></span> <span class='ocrx_word' id='word_1_147' title='bbox 812 2294 838 2351; x_wconf 77' lang='lat' dir='ltr'><strong>er</strong></span> <span class='ocrx_word' id='word_1_148' title='bbox 855 2291 931 2352; x_wconf 79' lang='lat' dir='ltr'><strong>viae</strong></span> <span class='ocrx_word' id='word_1_149' title='bbox 950 2295 1097 2353; x_wconf 80' lang='grc' dir='ltr'><strong><em>οοιοιιοιιι</em></strong></span> <span class='ocrx_word' id='word_1_150' title='bbox 1117 2293 1197 2355; x_wconf 79' lang='lat' dir='ltr'><strong>Aen.</strong></span> <span class='ocrx_word' id='word_1_151' title='bbox 1217 2295 1232 2355; x_wconf 97' lang='lat' dir='ltr'><strong>I</strong></span> <span class='ocrx_word' id='word_1_152' title='bbox 1254 2295 1317 2355; x_wconf 83' lang='grc'><strong>724</strong></span> <span class='ocrx_word' id='word_1_153' title='bbox 1336 2297 1358 2364; x_wconf 83' lang='lat'><strong>²)</strong></span> <span class='ocrx_word' id='word_1_154' title='bbox 1370 2317 1403 2337; x_wconf 95' lang='lat'>=</span> <span class='ocrx_word' id='word_1_155' title='bbox 1415 2291 1612 2372; x_wconf 73' lang='grc' dir='ltr'><strong>ἐπεστέψαντο</strong></span> 
     </span>
     <span class='ocr_line' id='line_1_18' title="bbox 345 2390 1610 2473; baseline 0 -17"><span class='ocrx_word' id='word_1_156' title='bbox 345 2395 448 2456; x_wconf 71' lang='lat' dir='ltr'><strong>circio</strong></span> <span class='ocrx_word' id='word_1_157' title='bbox 474 2399 505 2468; x_wconf 86' lang='lat' dir='ltr'><strong>(i.</strong></span> <span class='ocrx_word' id='word_1_158' title='bbox 529 2412 557 2456; x_wconf 89' lang='lat' dir='ltr'><strong>e.</strong></span> <span class='ocrx_word' id='word_1_159' title='bbox 582 2390 753 2471; x_wconf 73' lang='grc' dir='ltr'><strong><em>ἐπιστεφέας</em></strong></span> <span class='ocrx_word' id='word_1_160' title='bbox 775 2393 892 2454; x_wconf 66' lang='lat' dir='ltr'><strong>folcone</strong></span> <span class='ocrx_word' id='word_1_161' title='bbox 915 2393 1091 2455; x_wconf 83' lang='lat' dir='ltr'><strong>reddebant</strong></span> <span class='ocrx_word' id='word_1_162' title='bbox 1111 2396 1264 2473; x_wconf 77' lang='lat' dir='ltr'><strong>craterae,</strong></span> <span class='ocrx_word' id='word_1_163' title='bbox 1287 2399 1325 2457; x_wconf 88' lang='lat' dir='ltr'><strong>ut</strong></span> <span class='ocrx_word' id='word_1_164' title='bbox 1349 2395 1375 2456; x_wconf 86' lang='grc' dir='ltr'><strong>Θ</strong></span> <span class='ocrx_word' id='word_1_165' title='bbox 1399 2398 1462 2457; x_wconf 90' lang='grc'><strong>232</strong></span> <span class='ocrx_word' id='word_1_166' title='bbox 1486 2397 1610 2473; x_wconf 90' lang='lat' dir='ltr'><strong>dicitur,</strong></span> 
     </span>
     <span class='ocr_line' id='line_1_19' title="bbox 346 2496 1613 2576; baseline -0.002 -15"><span class='ocrx_word' id='word_1_167' title='bbox 346 2500 386 2561; x_wconf 87' lang='lat' dir='ltr'><strong>ad</strong></span> <span class='ocrx_word' id='word_1_168' title='bbox 420 2514 512 2561; x_wconf 90' lang='lat' dir='ltr'><strong>oram</strong></span> <span class='ocrx_word' id='word_1_169' title='bbox 546 2513 649 2572; x_wconf 87' lang='lat' dir='ltr'><strong>usque</strong></span> <span class='ocrx_word' id='word_1_170' title='bbox 679 2496 867 2573; x_wconf 79' lang='lat' dir='ltr'><strong>implebant)</strong></span> <span class='ocrx_word' id='word_1_171' title='bbox 897 2499 927 2556; x_wconf 86' lang='lat' dir='ltr'><em>A</em></span> <span class='ocrx_word' id='word_1_172' title='bbox 957 2497 1023 2557; x_wconf 83' lang='grc'><strong>470</strong></span> <span class='ocrx_word' id='word_1_173' title='bbox 1053 2499 1125 2574; x_wconf 81' lang='lat' dir='ltr'><strong>etc,</strong></span> <span class='ocrx_word' id='word_1_174' title='bbox 1155 2500 1348 2560; x_wconf 73' lang='lat' dir='ltr'><strong>unctor...</strong></span> <span class='ocrx_word' id='word_1_175' title='bbox 1355 2500 1498 2576; x_wconf 81' lang='lat' dir='ltr'><strong>perpetui</strong></span> <span class='ocrx_word' id='word_1_176' title='bbox 1530 2503 1613 2574; x_wconf 81' lang='lat' dir='ltr'><strong>tergo</strong></span> 
     </span>
     <span class='ocr_line' id='line_1_20' title="bbox 345 2595 1611 2678; baseline -0.001 -15"><span class='ocrx_word' id='word_1_177' title='bbox 345 2601 427 2662; x_wconf 78' lang='grc' dir='ltr'><strong>όοοίο</strong></span> <span class='ocrx_word' id='word_1_178' title='bbox 456 2604 537 2662; x_wconf 83' lang='lat' dir='ltr'><strong>Aen.</strong></span> <span class='ocrx_word' id='word_1_179' title='bbox 568 2600 644 2660; x_wconf 82' lang='lat' dir='ltr'><strong>VIII</strong></span> <span class='ocrx_word' id='word_1_180' title='bbox 677 2600 785 2659; x_wconf 86' lang='lat'>182==</span> <span class='ocrx_word' id='word_1_181' title='bbox 798 2596 914 2656; x_wconf 78' lang='grc' dir='ltr'><strong><em>νώτοισι</em></strong></span> <span class='ocrx_word' id='word_1_182' title='bbox 943 2595 1121 2675; x_wconf 75' lang='grc' dir='ltr'><strong><em>διηνεκέεσσι</em></strong></span> <span class='ocrx_word' id='word_1_183' title='bbox 1151 2601 1188 2658; x_wconf 86' lang='grc' dir='ltr'>Η</span> <span class='ocrx_word' id='word_1_184' title='bbox 1211 2602 1285 2678; x_wconf 85' lang='grc'><strong>321,</strong></span> <span class='ocrx_word' id='word_1_185' title='bbox 1315 2601 1495 2674; x_wconf 79' lang='lat' dir='ltr'><strong>duramque</strong></span> <span class='ocrx_word' id='word_1_186' title='bbox 1516 2601 1611 2661; x_wconf 66' lang='lat' dir='ltr'><strong>nobile</strong></span> 
     </span>
     <span class='ocr_line' id='line_1_21' title="bbox 345 2697 1611 2777; baseline -0.005 -12"><span class='ocrx_word' id='word_1_187' title='bbox 345 2703 487 2765; x_wconf 81' lang='lat' dir='ltr'><strong>Inarime</strong></span> <span class='ocrx_word' id='word_1_188' title='bbox 509 2701 588 2762; x_wconf 85' lang='lat' dir='ltr'><strong>Iocis</strong></span> <span class='ocrx_word' id='word_1_189' title='bbox 613 2700 744 2777; x_wconf 78' lang='lat' dir='ltr'><strong>imperio</strong></span> <span class='ocrx_word' id='word_1_190' title='bbox 765 2699 898 2774; x_wconf 73' lang='lat' dir='ltr'><strong>imposta</strong></span> <span class='ocrx_word' id='word_1_191' title='bbox 924 2697 1059 2775; x_wconf 75' lang='lat' dir='ltr'><strong>ippnoeo</strong></span> <span class='ocrx_word' id='word_1_192' title='bbox 1080 2702 1160 2761; x_wconf 84' lang='lat' dir='ltr'><strong>Aen.</strong></span> <span class='ocrx_word' id='word_1_193' title='bbox 1181 2701 1227 2760; x_wconf 88' lang='lat' dir='ltr'><strong>IX</strong></span> <span class='ocrx_word' id='word_1_194' title='bbox 1249 2703 1312 2761; x_wconf 80' lang='lat'><strong>715</strong></span> <span class='ocrx_word' id='word_1_195' title='bbox 1325 2701 1414 2761; x_wconf 63' lang='grc' dir='ltr'><strong>Ξεἰν</strong></span> <span class='ocrx_word' id='word_1_196' title='bbox 1432 2704 1475 2773; x_wconf 91' lang='lat' dir='ltr'><strong>(id</strong></span> <span class='ocrx_word' id='word_1_197' title='bbox 1500 2705 1551 2762; x_wconf 88' lang='lat' dir='ltr'><strong>est</strong></span> <span class='ocrx_word' id='word_1_198' title='bbox 1568 2698 1611 2769; x_wconf 77' lang='lat' dir='ltr'><strong>lv)</strong></span> 
     </span>
     <span class='ocr_line' id='line_1_22' title="bbox 275 2799 634 2896; baseline -0.003 -32"><span class='ocrx_word' id='word_1_199' title='bbox 275 2875 283 2896; x_wconf 48' lang='grc' dir='ltr'>Ι</span> <span class='ocrx_word' id='word_1_200' title='bbox 345 2799 485 2885; x_wconf 75' lang='grc' dir='ltr'><strong><em>Ἀρίμοισ’</em></strong></span> <span class='ocrx_word' id='word_1_201' title='bbox 512 2805 536 2862; x_wconf 85' lang='grc' dir='ltr'><strong>Β</strong></span> <span class='ocrx_word' id='word_1_202' title='bbox 561 2803 634 2864; x_wconf 76' lang='lat'><strong>788.</strong></span> 
     </span>
    </p>

    <p class='ocr_par' dir='ltr' id='par_1_3' title="bbox 342 2903 1613 4298">
     <span class='ocr_line' id='line_1_23' title="bbox 388 2903 1610 2982; baseline -0.003 -16"><span class='ocrx_word' id='word_1_203' title='bbox 388 2908 459 2966; x_wconf 83' lang='lat' dir='ltr'><strong>lion</strong></span> <span class='ocrx_word' id='word_1_204' title='bbox 481 2904 591 2964; x_wconf 83' lang='lat' dir='ltr'><strong>mInus</strong></span> <span class='ocrx_word' id='word_1_205' title='bbox 613 2903 755 2976; x_wconf 88' lang='lat' dir='ltr'><strong>graviter</strong></span> <span class='ocrx_word' id='word_1_206' title='bbox 778 2903 926 2962; x_wconf 87' lang='lat' dir='ltr'><strong>errarunt</strong></span> <span class='ocrx_word' id='word_1_207' title='bbox 949 2903 1074 2962; x_wconf 88' lang='lat' dir='ltr'><strong>veteres</strong></span> <span class='ocrx_word' id='word_1_208' title='bbox 1097 2904 1130 2963; x_wconf 93' lang='lat' dir='ltr'><strong>in</strong></span> <span class='ocrx_word' id='word_1_209' title='bbox 1154 2904 1325 2964; x_wconf 91' lang='lat' dir='ltr'><strong>verborum</strong></span> <span class='ocrx_word' id='word_1_210' title='bbox 1347 2903 1469 2982; x_wconf 83' lang='lat' dir='ltr'><strong>figuris,</strong></span> <span class='ocrx_word' id='word_1_211' title='bbox 1493 2905 1610 2978; x_wconf 90' lang='lat' dir='ltr'><strong>quibus</strong></span> 
     </span>
     <span class='ocr_line' id='line_1_24' title="bbox 344 3001 1610 3080; baseline -0.005 -13"><span class='ocrx_word' id='word_1_212' title='bbox 344 3009 448 3067; x_wconf 84' lang='lat' dir='ltr'><strong>utitur</strong></span> <span class='ocrx_word' id='word_1_213' title='bbox 477 3004 587 3078; x_wconf 82' lang='lat' dir='ltr'><strong>lingua</strong></span> <span class='ocrx_word' id='word_1_214' title='bbox 617 3001 716 3080; x_wconf 89' lang='lat' dir='ltr'><strong>epica,</strong></span> <span class='ocrx_word' id='word_1_215' title='bbox 748 3001 977 3077; x_wconf 84' lang='lat' dir='ltr'><strong>explanandis;</strong></span> <span class='ocrx_word' id='word_1_216' title='bbox 1009 3017 1091 3075; x_wconf 88' lang='lat' dir='ltr'><strong>quae</strong></span> <span class='ocrx_word' id='word_1_217' title='bbox 1114 3003 1352 3076; x_wconf 87' lang='lat' dir='ltr'><strong>quadamtenus</strong></span> <span class='ocrx_word' id='word_1_218' title='bbox 1376 3004 1456 3078; x_wconf 86' lang='lat' dir='ltr'><strong>ipsis</strong></span> <span class='ocrx_word' id='word_1_219' title='bbox 1479 3003 1610 3065; x_wconf 81' lang='lat' dir='ltr'><strong>Graecis</strong></span> 
     </span>
     <span class='ocr_line' id='line_1_25' title="bbox 345 3103 1609 3176; baseline -0.003 -10"><span class='ocrx_word' id='word_1_220' title='bbox 345 3105 540 3166; x_wconf 78' lang='lat' dir='ltr'><strong>difficiliores</strong></span> <span class='ocrx_word' id='word_1_221' title='bbox 573 3103 740 3163; x_wconf 89' lang='lat' dir='ltr'><strong>intellectu</strong></span> <span class='ocrx_word' id='word_1_222' title='bbox 775 3105 868 3162; x_wconf 90' lang='lat' dir='ltr'><strong>erant</strong></span> <span class='ocrx_word' id='word_1_223' title='bbox 901 3117 999 3174; x_wconf 88' lang='lat' dir='ltr'><strong>quam</strong></span> <span class='ocrx_word' id='word_1_224' title='bbox 1026 3103 1118 3162; x_wconf 90' lang='lat' dir='ltr'><strong>nobis</strong></span> <span class='ocrx_word' id='word_1_225' title='bbox 1148 3105 1202 3176; x_wconf 87' lang='lat' dir='ltr'><strong>qui</strong></span> <span class='ocrx_word' id='word_1_226' title='bbox 1233 3119 1318 3164; x_wconf 90' lang='lat' dir='ltr'><strong>nuno</strong></span> <span class='ocrx_word' id='word_1_227' title='bbox 1348 3105 1502 3163; x_wconf 88' lang='lat' dir='ltr'><strong>vivimus.</strong></span> <span class='ocrx_word' id='word_1_228' title='bbox 1525 3103 1609 3162; x_wconf 88' lang='lat' dir='ltr'><strong>Nam</strong></span> 
     </span>
     <span class='ocr_line' id='line_1_26' title="bbox 345 3200 1611 3278; baseline -0.003 -12"><span class='ocrx_word' id='word_1_229' title='bbox 345 3221 419 3266; x_wconf 90' lang='lat' dir='ltr'><strong>cum</strong></span> <span class='ocrx_word' id='word_1_230' title='bbox 454 3204 565 3277; x_wconf 92' lang='lat' dir='ltr'><strong>lingua</strong></span> <span class='ocrx_word' id='word_1_231' title='bbox 597 3201 780 3277; x_wconf 86' lang='lat' dir='ltr'><strong>vernacula,</strong></span> <span class='ocrx_word' id='word_1_232' title='bbox 812 3200 917 3274; x_wconf 84' lang='lat' dir='ltr'><strong>qualis</strong></span> <span class='ocrx_word' id='word_1_233' title='bbox 947 3201 979 3260; x_wconf 94' lang='lat' dir='ltr'><strong>in</strong></span> <span class='ocrx_word' id='word_1_234' title='bbox 1008 3200 1191 3274; x_wconf 90' lang='lat' dir='ltr'><strong>aequalium</strong></span> <span class='ocrx_word' id='word_1_235' title='bbox 1222 3217 1276 3262; x_wconf 89' lang='lat' dir='ltr'><strong>ore</strong></span> <span class='ocrx_word' id='word_1_236' title='bbox 1299 3203 1471 3278; x_wconf 89' lang='lat' dir='ltr'><strong>ierebatur,</strong></span> <span class='ocrx_word' id='word_1_237' title='bbox 1494 3203 1611 3263; x_wconf 91' lang='lat' dir='ltr'><strong>indea</strong></span> 
     </span>
     <span class='ocr_line' id='line_1_27' title="bbox 345 3301 1613 3379; baseline -0.003 -14"><span class='ocrx_word' id='word_1_238' title='bbox 345 3305 458 3379; x_wconf 87' lang='lat' dir='ltr'><strong>primis</strong></span> <span class='ocrx_word' id='word_1_239' title='bbox 489 3303 583 3364; x_wconf 87' lang='lat' dir='ltr'><strong>annis</strong></span> <span class='ocrx_word' id='word_1_240' title='bbox 613 3303 791 3377; x_wconf 88' lang='lat' dir='ltr'><strong>uterentur,</strong></span> <span class='ocrx_word' id='word_1_241' title='bbox 819 3301 932 3362; x_wconf 89' lang='lat' dir='ltr'><strong>deinde</strong></span> <span class='ocrx_word' id='word_1_242' title='bbox 963 3301 996 3360; x_wconf 95' lang='lat' dir='ltr'><strong>in</strong></span> <span class='ocrx_word' id='word_1_243' title='bbox 1019 3301 1131 3361; x_wconf 86' lang='lat' dir='ltr'><strong>schola</strong></span> <span class='ocrx_word' id='word_1_244' title='bbox 1152 3301 1250 3362; x_wconf 91' lang='lat' dir='ltr'><strong>verba</strong></span> <span class='ocrx_word' id='word_1_245' title='bbox 1271 3303 1361 3376; x_wconf 90' lang='lat' dir='ltr'><strong>epica</strong></span> <span class='ocrx_word' id='word_1_246' title='bbox 1383 3304 1430 3362; x_wconf 89' lang='lat' dir='ltr'><strong>ita</strong></span> <span class='ocrx_word' id='word_1_247' title='bbox 1452 3304 1613 3363; x_wconf 88' lang='lat' dir='ltr'><strong>discerent</strong></span> 
     </span>
     <span class='ocr_line' id='line_1_28' title="bbox 343 3401 1609 3479; baseline -0.002 -13"><span class='ocrx_word' id='word_1_248' title='bbox 343 3408 379 3466; x_wconf 89' lang='lat' dir='ltr'><strong>ut</strong></span> <span class='ocrx_word' id='word_1_249' title='bbox 402 3406 561 3479; x_wconf 87' lang='lat' dir='ltr'><strong>quomodo</strong></span> <span class='ocrx_word' id='word_1_250' title='bbox 585 3418 605 3464; x_wconf 97' lang='lat' dir='ltr'><strong>a</strong></span> <span class='ocrx_word' id='word_1_251' title='bbox 629 3402 816 3477; x_wconf 78' lang='lat' dir='ltr'><strong>vulgaribus</strong></span> <span class='ocrx_word' id='word_1_252' title='bbox 838 3402 967 3477; x_wconf 84' lang='lat' dir='ltr'><strong>linguae</strong></span> <span class='ocrx_word' id='word_1_253' title='bbox 989 3401 1130 3463; x_wconf 84' lang='lat' dir='ltr'><strong>Graecae</strong></span> <span class='ocrx_word' id='word_1_254' title='bbox 1157 3403 1270 3462; x_wconf 84' lang='lat' dir='ltr'><strong>formis</strong></span> <span class='ocrx_word' id='word_1_255' title='bbox 1292 3404 1511 3479; x_wconf 87' lang='lat' dir='ltr'><strong>discreparent</strong></span> <span class='ocrx_word' id='word_1_256' title='bbox 1533 3404 1609 3464; x_wconf 86' lang='lat' dir='ltr'><strong>data</strong></span> 
     </span>
     <span class='ocr_line' id='line_1_29' title="bbox 342 3502 1609 3584; baseline -0.001 -15"><span class='ocrx_word' id='word_1_257' title='bbox 342 3523 438 3584; x_wconf 88' lang='lat' dir='ltr'><strong>opera</strong></span> <span class='ocrx_word' id='word_1_258' title='bbox 460 3504 700 3583; x_wconf 88' lang='lat' dir='ltr'><strong>perpenderent,</strong></span> <span class='ocrx_word' id='word_1_259' title='bbox 724 3502 793 3565; x_wconf 88' lang='lat' dir='ltr'><strong>fleri</strong></span> <span class='ocrx_word' id='word_1_260' title='bbox 813 3504 870 3565; x_wconf 87' lang='lat' dir='ltr'><strong>vix</strong></span> <span class='ocrx_word' id='word_1_261' title='bbox 892 3505 997 3580; x_wconf 89' lang='lat' dir='ltr'><strong>potuit</strong></span> <span class='ocrx_word' id='word_1_262' title='bbox 1014 3505 1090 3578; x_wconf 89' lang='lat' dir='ltr'><strong>quin</strong></span> <span class='ocrx_word' id='word_1_263' title='bbox 1110 3504 1233 3566; x_wconf 86' lang='lat' dir='ltr'><strong>formas</strong></span> <span class='ocrx_word' id='word_1_264' title='bbox 1251 3505 1442 3568; x_wconf 81' lang='lat' dir='ltr'><strong>Homericae</strong></span> <span class='ocrx_word' id='word_1_265' title='bbox 1462 3523 1479 3568; x_wconf 92' lang='lat' dir='ltr'><strong>e</strong></span> <span class='ocrx_word' id='word_1_266' title='bbox 1499 3507 1609 3581; x_wconf 83' lang='lat' dir='ltr'><strong>lingua</strong></span> 
     </span>
     <span class='ocr_line' id='line_1_30' title="bbox 343 3605 1607 3684; baseline 0 -15"><span class='ocrx_word' id='word_1_267' title='bbox 343 3623 407 3681; x_wconf 84' lang='lat' dir='ltr'><strong>qua</strong></span> <span class='ocrx_word' id='word_1_268' title='bbox 436 3609 498 3684; x_wconf 88' lang='lat' dir='ltr'><strong>ipsi</strong></span> <span class='ocrx_word' id='word_1_269' title='bbox 527 3608 702 3668; x_wconf 91' lang='lat' dir='ltr'><strong>utebantur</strong></span> <span class='ocrx_word' id='word_1_270' title='bbox 729 3609 899 3681; x_wconf 90' lang='lat' dir='ltr'><strong>poetarum</strong></span> <span class='ocrx_word' id='word_1_271' title='bbox 929 3605 1058 3666; x_wconf 92' lang='lat' dir='ltr'><strong>libidine</strong></span> <span class='ocrx_word' id='word_1_272' title='bbox 1088 3607 1245 3681; x_wconf 90' lang='lat' dir='ltr'><strong>prodiisse</strong></span> <span class='ocrx_word' id='word_1_273' title='bbox 1267 3609 1301 3668; x_wconf 94' lang='lat' dir='ltr'><strong>in</strong></span> <span class='ocrx_word' id='word_1_274' title='bbox 1323 3609 1380 3669; x_wconf 87' lang='lat' dir='ltr'><strong>illa</strong></span> <span class='ocrx_word' id='word_1_275' title='bbox 1402 3610 1482 3669; x_wconf 89' lang='lat' dir='ltr'><strong>artis</strong></span> <span class='ocrx_word' id='word_1_276' title='bbox 1504 3623 1607 3683; x_wconf 86' lang='lat' dir='ltr'><strong>gram</strong></span> 
     </span>
     <span class='ocr_line' id='line_1_31' title="bbox 343 3707 1608 3783; baseline -0.002 -12"><span class='ocrx_word' id='word_1_277' title='bbox 343 3711 483 3772; x_wconf 88' lang='lat' dir='ltr'><strong>matlcae</strong></span> <span class='ocrx_word' id='word_1_278' title='bbox 513 3708 650 3770; x_wconf 77' lang='lat' dir='ltr'><strong>infantia</strong></span> <span class='ocrx_word' id='word_1_279' title='bbox 679 3708 741 3769; x_wconf 90' lang='lat' dir='ltr'><strong>sibi</strong></span> <span class='ocrx_word' id='word_1_280' title='bbox 771 3708 1008 3783; x_wconf 87' lang='lat' dir='ltr'><strong>persuaderent.</strong></span> <span class='ocrx_word' id='word_1_281' title='bbox 1039 3707 1195 3783; x_wconf 80' lang='lat' dir='ltr'><strong>Exemplo</strong></span> <span class='ocrx_word' id='word_1_282' title='bbox 1225 3709 1292 3770; x_wconf 90' lang='lat' dir='ltr'><strong>sint</strong></span> <span class='ocrx_word' id='word_1_283' title='bbox 1322 3725 1403 3783; x_wconf 86' lang='lat' dir='ltr'><strong>quae</strong></span> <span class='ocrx_word' id='word_1_284' title='bbox 1426 3725 1489 3769; x_wconf 95' lang='lat' dir='ltr'><strong>non</strong></span> <span class='ocrx_word' id='word_1_285' title='bbox 1512 3710 1608 3769; x_wconf 86' lang='lat' dir='ltr'><strong>horno</strong></span> 
     </span>
     <span class='ocr_line' id='line_1_32' title="bbox 342 3810 1607 3888; baseline -0.002 -16"><span class='ocrx_word' id='word_1_286' title='bbox 342 3826 483 3888; x_wconf 88' lang='lat' dir='ltr'><strong>nequam</strong></span> <span class='ocrx_word' id='word_1_287' title='bbox 513 3825 627 3872; x_wconf 87' lang='lat' dir='ltr'><strong>serove</strong></span> <span class='ocrx_word' id='word_1_288' title='bbox 659 3812 756 3871; x_wconf 86' lang='lat' dir='ltr'><strong>natus</strong></span> <span class='ocrx_word' id='word_1_289' title='bbox 787 3811 844 3871; x_wconf 87' lang='lat' dir='ltr'><strong>sed</strong></span> <span class='ocrx_word' id='word_1_290' title='bbox 874 3810 1069 3871; x_wconf 82' lang='lat' dir='ltr'><strong>Aristoteles</strong></span> <span class='ocrx_word' id='word_1_291' title='bbox 1098 3812 1159 3871; x_wconf 87' lang='lat' dir='ltr'><strong>hac</strong></span> <span class='ocrx_word' id='word_1_292' title='bbox 1188 3811 1227 3872; x_wconf 89' lang='lat' dir='ltr'><strong>do</strong></span> <span class='ocrx_word' id='word_1_293' title='bbox 1258 3827 1292 3872; x_wconf 89' lang='lat' dir='ltr'><strong>ro</strong></span> <span class='ocrx_word' id='word_1_294' title='bbox 1316 3812 1500 3873; x_wconf 85' lang='lat' dir='ltr'><strong>observavit</strong></span> <span class='ocrx_word' id='word_1_295' title='bbox 1518 3811 1607 3871; x_wconf 90' lang='lat' dir='ltr'><strong>Poet.</strong></span> 
     </span>
     <span class='ocr_line' id='line_1_33' title="bbox 344 3906 1609 3996; baseline -0.002 -22"><span class='ocrx_word' id='word_1_296' title='bbox 344 3913 422 3974; x_wconf 85' lang='lat' dir='ltr'><strong>XXI</strong></span> <span class='ocrx_word' id='word_1_297' title='bbox 444 3913 463 3984; x_wconf 66' lang='lat' dir='ltr'>S</span> <span class='ocrx_word' id='word_1_298' title='bbox 489 3913 546 3974; x_wconf 87' lang='lat'><strong>18:</strong></span> <span class='ocrx_word' id='word_1_299' title='bbox 570 3906 798 3988; x_wconf 77' lang='grc' dir='ltr'><strong><em>ἐπεκιετοιμένον</em></strong></span> <span class='ocrx_word' id='word_1_300' title='bbox 825 3907 857 3970; x_wconf 67' lang='lat' dir='ltr'><strong>dl</strong></span> <span class='ocrx_word' id='word_1_301' title='bbox 881 3913 923 3981; x_wconf 85' lang='lat' dir='ltr'><strong>(in</strong></span> <span class='ocrx_word' id='word_1_302' title='bbox 946 3912 1085 3973; x_wconf 76' lang='lat' dir='ltr'><strong>dictione</strong></span> <span class='ocrx_word' id='word_1_303' title='bbox 1108 3914 1243 3987; x_wconf 81' lang='lat' dir='ltr'><strong>poetica)</strong></span> <span class='ocrx_word' id='word_1_304' title='bbox 1266 3910 1343 3972; x_wconf 77' lang='grc' dir='ltr'><strong><em>ἔστιν</em></strong></span> <span class='ocrx_word' id='word_1_305' title='bbox 1365 3910 1385 3992; x_wconf 76' lang='grc' dir='ltr'><strong>ἢ</strong></span> <span class='ocrx_word' id='word_1_306' title='bbox 1405 3909 1609 3996; x_wconf 73' lang='grc' dir='ltr'><strong><em>όφημημὲνον,</em></strong></span> 
     </span>
     <span class='ocr_line' id='line_1_34' title="bbox 342 4005 1608 4098; baseline -0.003 -22"><span class='ocrx_word' id='word_1_307' title='bbox 342 4012 375 4076; x_wconf 78' lang='grc' dir='ltr'><strong>τό</strong></span> <span class='ocrx_word' id='word_1_308' title='bbox 404 4011 468 4094; x_wconf 69' lang='grc' dir='ltr'><strong><em>μὲν,</em></strong></span> <span class='ocrx_word' id='word_1_309' title='bbox 498 4010 551 4073; x_wconf 75' lang='grc' dir='ltr'><strong><em>ἐὰν</em></strong></span> <span class='ocrx_word' id='word_1_310' title='bbox 581 4010 731 4090; x_wconf 78' lang='grc' dir='ltr'><strong>φωνήεντι</strong></span> <span class='ocrx_word' id='word_1_311' title='bbox 761 4008 929 4098; x_wconf 73' lang='grc' dir='ltr'><strong><em>μακροτέρῳ</em></strong></span> <span class='ocrx_word' id='word_1_312' title='bbox 958 4008 1138 4094; x_wconf 73' lang='grc' dir='ltr'><strong><em>κεχρημένον</em></strong></span> <span class='ocrx_word' id='word_1_313' title='bbox 1169 4005 1264 4097; x_wconf 58' lang='lat' dir='ltr'><strong>{prod</strong></span> <span class='ocrx_word' id='word_1_314' title='bbox 1289 4013 1399 4076; x_wconf 76' lang='grc' dir='ltr'><strong><em>οἰκείου</em></strong></span> <span class='ocrx_word' id='word_1_315' title='bbox 1428 4011 1449 4094; x_wconf 74' lang='grc' dir='ltr'><strong>ἢ</strong></span> <span class='ocrx_word' id='word_1_316' title='bbox 1476 4013 1608 4098; x_wconf 76' lang='grc' dir='ltr'><strong><em>συλλαβῇ</em></strong></span> 
     </span>
     <span class='ocr_line' id='line_1_35' title="bbox 343 4106 1608 4200; baseline -0.003 -22"><span class='ocrx_word' id='word_1_317' title='bbox 343 4111 557 4199; x_wconf 68' lang='grc' dir='ltr'><strong><em>ἐμβεβλημένῃ,</em></strong></span> <span class='ocrx_word' id='word_1_318' title='bbox 585 4111 618 4175; x_wconf 78' lang='grc' dir='ltr'><strong>τό</strong></span> <span class='ocrx_word' id='word_1_319' title='bbox 650 4108 683 4173; x_wconf 81' lang='lat' dir='ltr'><strong>ii</strong></span> <span class='ocrx_word' id='word_1_320' title='bbox 706 4109 759 4173; x_wconf 71' lang='grc' dir='ltr'><strong><em>ἐὰν</em></strong></span> <span class='ocrx_word' id='word_1_321' title='bbox 782 4109 976 4198; x_wconf 71' lang='grc' dir='ltr'><strong><em>ἀφῃρημένον</em></strong></span> <span class='ocrx_word' id='word_1_322' title='bbox 1000 4136 1027 4174; x_wconf 83' lang='grc' dir='ltr'><strong>τι</strong></span> <span class='ocrx_word' id='word_1_323' title='bbox 1049 4106 1069 4200; x_wconf 73' lang='grc' dir='ltr'><strong>ᾖ</strong></span> <span class='ocrx_word' id='word_1_324' title='bbox 1092 4112 1196 4192; x_wconf 76' lang='grc' dir='ltr'><strong><em>αὐτοῦ,</em></strong></span> <span class='ocrx_word' id='word_1_325' title='bbox 1218 4111 1444 4193; x_wconf 75' lang='grc' dir='ltr'><strong><em>ἕσειιιεταμόνον</em></strong></span> <span class='ocrx_word' id='word_1_326' title='bbox 1465 4111 1519 4193; x_wconf 72' lang='grc' dir='ltr'><strong><em>μὲν</em></strong></span> <span class='ocrx_word' id='word_1_327' title='bbox 1543 4106 1608 4175; x_wconf 79' lang='grc' dir='ltr'><strong><em>οἷον</em></strong></span> 
     </span>
     <span class='ocr_line' id='line_1_36' title="bbox 342 4209 1609 4298; baseline -0.002 -21"><span class='ocrx_word' id='word_1_328' title='bbox 342 4209 552 4289; x_wconf 72' lang='grc' dir='ltr'><strong><em>ιὸίιόλειος</em></strong></span> <span class='ocrx_word' id='word_1_329' title='bbox 582 4214 734 4294; x_wconf 69' lang='grc' dir='ltr'><strong><em>πόληος</em></strong></span> <span class='ocrx_word' id='word_1_330' title='bbox 762 4211 812 4274; x_wconf 75' lang='lat' dir='ltr'><strong>aci</strong></span> <span class='ocrx_word' id='word_1_331' title='bbox 843 4211 876 4275; x_wconf 77' lang='grc' dir='ltr'><strong>τό</strong></span> <span class='ocrx_word' id='word_1_332' title='bbox 899 4213 1105 4291; x_wconf 76' lang='grc' dir='ltr'><strong><em>Πηλείόοο</em></strong></span> <span class='ocrx_word' id='word_1_333' title='bbox 1137 4211 1609 4298; x_wconf 40' lang='grc' dir='ltr'><strong><em>Πηληιάδεωμόιφηρημὲνον</em></strong></span> 
     </span>
    </p>
   </div>
   <div class='ocr_carea' id='block_1_3' title="bbox 344 4501 1680 4793">
    <p class='ocr_par' dir='ltr' id='par_1_4' title="bbox 344 4501 1680 4648">
     <span class='ocr_line' id='line_1_37' title="bbox 377 4501 1680 4582; baseline 0 -27"><span class='ocrx_word' id='word_1_334' title='bbox 377 4501 396 4570; x_wconf 87' lang='lat'><strong>¹)</strong></span> <span class='ocrx_word' id='word_1_335' title='bbox 414 4507 497 4556; x_wconf 79' lang='lat' dir='ltr'><strong>simil</strong></span> <span class='ocrx_word' id='word_1_336' title='bbox 514 4519 600 4555; x_wconf 84' lang='lat' dir='ltr'><strong>errore</strong></span> <span class='ocrx_word' id='word_1_337' title='bbox 616 4507 673 4567; x_wconf 81' lang='lat' dir='ltr'><strong>Ipso</strong></span> <span class='ocrx_word' id='word_1_338' title='bbox 690 4517 754 4554; x_wconf 78' lang='lat' dir='ltr'><strong>sevo</strong></span> <span class='ocrx_word' id='word_1_339' title='bbox 771 4505 844 4565; x_wconf 83' lang='lat' dir='ltr'><strong>epioe</strong></span> <span class='ocrx_word' id='word_1_340' title='bbox 862 4507 949 4552; x_wconf 76' lang='lat' dir='ltr'><strong>natum</strong></span> <span class='ocrx_word' id='word_1_341' title='bbox 968 4518 1025 4554; x_wconf 80' lang='lat' dir='ltr'><strong>ceso</strong></span> <span class='ocrx_word' id='word_1_342' title='bbox 1042 4519 1135 4554; x_wconf 86' lang='lat' dir='ltr'><strong>nomen</strong></span> <span class='ocrx_word' id='word_1_343' title='bbox 1156 4511 1258 4568; x_wconf 71' lang='grc' dir='ltr'><strong>Κάλχας,</strong></span> <span class='ocrx_word' id='word_1_344' title='bbox 1279 4506 1348 4555; x_wconf 82' lang='lat' dir='ltr'><strong>unde</strong></span> <span class='ocrx_word' id='word_1_345' title='bbox 1364 4506 1438 4554; x_wconf 79' lang='lat' dir='ltr'><strong>duxit</strong></span> <span class='ocrx_word' id='word_1_346' title='bbox 1454 4507 1607 4567; x_wconf 73' lang='lat' dir='ltr'><strong>tragicorum</strong></span> <span class='ocrx_word' id='word_1_347' title='bbox 1670 4559 1680 4582; x_wconf 27' lang='grc' dir='ltr'>ἣ</span> 
     </span>
     <span class='ocr_line' id='line_1_38' title="bbox 344 4583 1363 4648; baseline -0.001 -15"><span class='ocrx_word' id='word_1_348' title='bbox 344 4585 451 4634; x_wconf 85' lang='lat' dir='ltr'><strong>verbnm</strong></span> <span class='ocrx_word' id='word_1_349' title='bbox 468 4589 609 4648; x_wconf 63' lang='grc' dir='ltr'><strong><em>κειμένην,</em></strong></span> <span class='ocrx_word' id='word_1_350' title='bbox 626 4585 804 4633; x_wconf 75' lang='lat' dir='ltr'><strong>demonstrare</strong></span> <span class='ocrx_word' id='word_1_351' title='bbox 820 4583 920 4632; x_wconf 79' lang='lat' dir='ltr'><strong>sindolt</strong></span> <span class='ocrx_word' id='word_1_352' title='bbox 936 4583 1004 4632; x_wconf 76' lang='lat' dir='ltr'><strong>rone</strong></span> <span class='ocrx_word' id='word_1_353' title='bbox 1021 4585 1055 4632; x_wconf 75' lang='lat' dir='ltr'><strong>od</strong></span> <span class='ocrx_word' id='word_1_354' title='bbox 1072 4585 1149 4648; x_wconf 69' lang='lat' dir='ltr'><strong>soph.</strong></span> <span class='ocrx_word' id='word_1_355' title='bbox 1166 4587 1251 4646; x_wconf 78' lang='lat' dir='ltr'><strong>Aniig.</strong></span> <span class='ocrx_word' id='word_1_356' title='bbox 1268 4599 1305 4634; x_wconf 83' lang='lat' dir='ltr'><strong>vs.</strong></span> <span class='ocrx_word' id='word_1_357' title='bbox 1324 4587 1363 4633; x_wconf 85' lang='grc' dir='ltr'><strong>2ο.</strong></span> 
     </span>
    </p>

    <p class='ocr_par' dir='ltr' id='par_1_5' title="bbox 360 4661 1606 4793">
     <span class='ocr_line' id='line_1_39' title="bbox 377 4661 1606 4728; baseline -0.001 -14"><span class='ocrx_word' id='word_1_358' title='bbox 377 4661 397 4728; x_wconf 83' lang='lat'><strong>¹)</strong></span> <span class='ocrx_word' id='word_1_359' title='bbox 415 4665 471 4714; x_wconf 78' lang='lat' dir='ltr'><strong>Vld.</strong></span> <span class='ocrx_word' id='word_1_360' title='bbox 496 4667 574 4714; x_wconf 72' lang='lat' dir='ltr'><strong>etiarn</strong></span> <span class='ocrx_word' id='word_1_361' title='bbox 592 4668 653 4715; x_wconf 79' lang='lat' dir='ltr'><strong>Aen.</strong></span> <span class='ocrx_word' id='word_1_362' title='bbox 681 4666 721 4714; x_wconf 92' lang='lat'><strong>111</strong></span> <span class='ocrx_word' id='word_1_363' title='bbox 739 4665 800 4713; x_wconf 75' lang='lat' dir='ltr'><strong>tib:</strong></span> <span class='ocrx_word' id='word_1_364' title='bbox 824 4665 948 4713; x_wconf 70' lang='lat' dir='ltr'><strong>Anchise·</strong></span> <span class='ocrx_word' id='word_1_365' title='bbox 970 4678 1091 4726; x_wconf 75' lang='lat' dir='ltr'><strong>magonm</strong></span> <span class='ocrx_word' id='word_1_366' title='bbox 1114 4670 1213 4715; x_wconf 75' lang='lat' dir='ltr'><strong>crotera</strong></span> <span class='ocrx_word' id='word_1_367' title='bbox 1235 4679 1329 4716; x_wconf 76' lang='lat' dir='ltr'><strong>corona</strong></span> <span class='ocrx_word' id='word_1_368' title='bbox 1343 4667 1348 4728; x_wconf 89' lang='grc' dir='ltr'>Ι</span> <span class='ocrx_word' id='word_1_369' title='bbox 1362 4666 1454 4724; x_wconf 84' lang='lat' dir='ltr'><strong>induit,</strong></span> <span class='ocrx_word' id='word_1_370' title='bbox 1480 4665 1606 4727; x_wconf 83' lang='lat' dir='ltr'><strong>implevit·</strong></span> 
     </span>
     <span class='ocr_line' id='line_1_40' title="bbox 360 4755 490 4793; baseline 0.015 -2"><span class='ocrx_word' id='word_1_371' title='bbox 360 4755 395 4791; x_wconf 79' lang='lat' dir='ltr'><strong>ne</strong></span> <span class='ocrx_word' id='word_1_372' title='bbox 411 4756 490 4793; x_wconf 81' lang='lat' dir='ltr'><strong>mero.</strong></span> 
     </span>
    </p>
   </div>
   <div class='ocr_carea' id='block_1_4' title="bbox 0 0 1928 5688">
    <p class='ocr_par' dir='ltr' id='par_1_6' title="bbox 0 0 1928 5688">
     <span class='ocr_line' id='line_1_41' title="bbox 0 0 1928 5688; baseline 0 1"><span class='ocrx_word' id='word_1_373' title='bbox 0 0 1928 5688; x_wconf 95' lang='lat' dir='ltr'><strong> </strong></span> 
     </span>
    </p>
   </div>
  </div>
 </body>
</html>
