3958 5696
1001 638 1066 700 mo
1551 641 1581 716 ii
1603 640 1668 700 sao

579 823 635 888 oda
658 821 696 886 ἂν
719 824 751 888 ίν
773 821 870 905 αὖχίν’
895 823 1003 888 ὄπισθε
1025 823 1110 887 πίσοι
1132 824 1217 906 βίίος
1240 820 1306 888 οὐδ’
1333 823 1378 886 ivi
1401 825 1493 912 νῶτρο.

403 925 516 1001 ,οὕτως
540 924 722 1005 Ἀρίσταρχος
744 925 801 986 οὐκ
823 923 862 985 liv
885 923 935 985 διὰ
958 935 1011 987 τοῦ
1035 940 1064 1003 α,
1085 925 1120 986 αί
1139 923 1171 986 sl
1194 923 1294 987 κοιναί
1316 925 1353 986 οὔ
1375 929 1457 986 κεν.”

445 1026 603 1087 Praetulit
625 1027 723 1100 igitur
746 1022 795 1102 dv,
816 1027 954 1088 tortasse
977 1029 1087 1088 motus
1110 1028 1257 1102 opinione
1279 1043 1350 1105 sua,
1374 1027 1554 1088 Homerum
1573 1027 1668 1087 Athe·

401 1128 547 1189 nisnsem
579 1129 689 1188 luisse.
720 1127 805 1188 Nam
835 1128 898 1188 nisi
928 1129 975 1190 sic
1006 1129 1196 1206 censuisset,
1228 1143 1341 1190 verum
1369 1129 1491 1204 opinor,
1514 1131 1670 1200 quaeret

401 1229 589 1304 sagacitate,
612 1227 829 1288 intellexisset
851 1242 892 1288 sx
916 1227 1006 1303 locis,
1030 1227 1135 1300 quelle
1158 1231 1210 1289 est
1234 1230 1261 1286 Τ
1280 1227 1343 1288 all
1367 1243 1434 1301 so:

622 1324 693 1386 oda
716 1321 762 1383 ἂν
785 1325 824 1402 δή
846 1345 916 1386 ποτε
937 1325 1040 1405 θυμὸν
1064 1324 1108 1385 ivl
1130 1325 1289 1403 στήθεσσιν
1311 1325 1406 1404 ίμοῖσι

623 1424 768 1505 Ἀτρεΐδης
792 1423 879 1504 ὤρινε
900 1421 1068 1506 διαμπερὲς,
1090 1422 1185 1486 oili
1206 1446 1244 1485 ιιε
1265 1425 1380 1506 κούρην

623 1517 696 1607 ἦγεν
718 1523 786 1604 ατί,

402 1628 456 1690 ubl
484 1629 579 1690 vetus
613 1631 708 1704 poeta
738 1629 848 1703 opicus
869 1627 1001 1689 dederat
1023 1623 1068 1688 οὔ
1090 1648 1156 1688 νιν
1179 1631 1213 1688 et
1235 1621 1332 1687 odii
1353 1647 1402 1703 τε,
1424 1629 1520 1701 poeta
1541 1627 1668 1687 Atticus

403 1729 455 1790 vel
477 1729 606 1790 Ionicus
629 1727 686 1788 σοι
709 1723 747 1786 ἂν
770 1729 803 1788 st
826 1721 893 1786 οὐδ’
920 1723 958 1785 ἂν
977 1727 1062 1788 inter
1080 1743 1117 1788 se
1135 1727 1340 1802 oppositurus
1364 1728 1443 1800 erat,
1466 1727 1524 1786 sed
1543 1727 1667 1786 nonnisi

403 1844 482 1889 casu
501 1831 535 1888 et
556 1843 612 1902 per
635 1841 777 1889 errorem
800 1827 890 1888 nasci
908 1827 1013 1901 potuit
1036 1826 1115 1888 illud
1137 1825 1193 1886 σοι
1216 1823 1254 1885 iv
1267 1823 1406 1886 ...cdli
1424 1846 1464 1886 rc.
1484 1826 1669 1886 Aristarcho

405 1943 480 1988 vero
510 1923 548 1987 iio
580 1927 727 1987 nativum
759 1926 936 2000 videbatur,
967 1947 1018 1984 ατν
1040 1926 1213 2002 poeticum,
1238 1926 1347 1998 ltaque
1371 1927 1431 1986 hoc
1454 1927 1550 1985 metri
1574 1939 1671 1985 causa

403 2029 544 2089 secundo
567 2042 663 2088 versu
686 2027 851 2087 invectum
874 2040 957 2101 esse,
981 2041 1057 2086 eum
1081 2028 1247 2087 censuisse
1270 2026 1446 2088 verisimile
1469 2027 1530 2086 est.

447 2127 605 2188 Notabilis
627 2141 754 2202 quoque
776 2129 829 2188 est
850 2141 965 2187 versus
989 2129 1013 2186 Ζ
1039 2128 1119 2188 113:

625 2221 708 2308 ὄφρ’
733 2223 780 2286 ἂν
803 2223 859 2307 ἐγὼ
881 2226 946 2306 flcio
968 2225 1055 2308 προτί
1078 2227 1188 2305 Rhoe,

405 2345 502 2406 quem
535 2345 610 2392 cum
641 2331 849 2392 Aristarchus
879 2330 912 2390 in
942 2329 1046 2405 priore
1076 2330 1216 2393 editione
1245 2330 1346 2392 talem
1379 2330 1522 2392 dedisset
1543 2328 1669 2404 qualem

405 2432 473 2507 lpse
497 2431 628 2493 dederat
650 2433 728 2492 olim
749 2434 854 2508 poeta,
875 2427 978 2511 ὄφρα
996 2426 1021 2492 κ’
1044 2429 1099 2513 lyd
1118 2432 1193 2511 βήσσ,
1212 2432 1245 2492 in
1264 2433 1368 2495 altera
1386 2433 1525 2494 testibus
1544 2431 1671 2492 scholiis

406 2533 544 2594 correxit
575 2527 640 2613 ὄφρ’
675 2529 713 2592 ἂν
734 2525 766 2610 Ι),
798 2532 883 2608 quod
910 2535 1003 2595 hodie
1026 2533 1144 2608 legitur
1166 2535 1200 2594 et
1221 2535 1281 2596 hoc
1303 2535 1373 2596 loco
1396 2537 1431 2596 st
1454 2535 1566 2608 viginti
1589 2532 1669 2593 aliis.

448 2635 559 2708 Neque
583 2635 734 2712 opinioni,
757 2649 856 2709 quam
879 2634 1008 2712 protuli,
1032 2635 1141 2696 obstat
1162 2636 1247 2708 quod
1269 2637 1478 2697 Aristarchus
1501 2638 1530 2694 A
1555 2634 1616 2696 168
1639 2633 1672 2694 et

408 2737 435 2796 H
462 2737 481 2797 b
514 2735 657 2798 defendit
688 2751 800 2798 veram
831 2737 1003 2799 lectionem
1030 2733 1117 2796 ἐστί
1135 2757 1176 2796 ιε
1198 2735 1283 2812 κάμω
1307 2735 1672 2814 eliminationem,

404 2837 457 2900 ubl
493 2838 663 2914 vulgatum
693 2839 764 2901 eret
794 2839 825 2900 id
856 2839 940 2913 quod
970 2838 1011 2900 ad
1033 2841 1179 2900 nostram
1199 2853 1301 2912 usque
1321 2840 1463 2900 aetatem
1484 2839 1670 2914 permansit,

404 2937 505 3016 ἐπὴν
527 2937 697 3016 κονιάμασι
717 2936 813 3016 ίττὴν
839 2939 1014 3016 ιιειιάμωσιν.
1039 2938 1168 3000 Scilicet
1187 2955 1250 2999 non
1268 2940 1338 3000 ideo
1350 2939 1554 3013 impugnavit
1565 2939 1670 3012 vulga·

404 3042 474 3100 tam
503 3040 588 3113 quod
618 3036 693 3115 ἐπήν
722 3054 779 3114 pro
809 3037 873 3100 ἐπεί
901 3059 933 3098 σιτ
963 3053 1078 3114 parum
1101 3037 1308 3098 Homericum
1340 3055 1414 3100 esse
1436 3041 1592 3114 censeret,
1615 3038 1670 3098 sed

404 3138 487 3210 quod
517 3153 582 3198 non
611 3143 749 3214 ιιειιαμεῑν
772 3140 829 3199 ssd
851 3142 956 3216 καμεῖν
979 3138 1151 3197 dicendum
1173 3152 1246 3197 esse
1273 3129 1670 3216 1ο1ε11οςετεε;ίνσμὴῇ

404 3235 618 3314 διπλασιασμὸς
648 3234 681 3296 ἐν
706 3247 745 3321 τςο
770 3236 886 3317 ῥήματι,
907 3239 945 3296 ut
967 3238 1106 3310 legimus
1129 3237 1162 3296 ln
1185 3237 1326 3313 scholiis,
1350 3237 1436 3298 unde
1458 3236 1558 3296 simul
1580 3235 1666 3296 disci·

404 3353 480 3398 mus
503 3337 604 3399 luisse
627 3339 727 3399 etiarn
750 3340 805 3412 qui
829 3337 925 3415 ίτιήν
948 3359 988 3398 ιιε
1011 3338 1188 3400 scriberent
1208 3335 1240 3409 ³).
1264 3338 1352 3398 'Palis
1375 3352 1475 3398 causa
1496 3337 1560 3397 nisi
1577 3338 1669 3397 inter·

404 3439 568 3514 cessisset,
597 3439 746 3500 voculam
779 3437 854 3518 ίιτήν
884 3439 936 3499 his
965 3438 1045 3499 locis
1075 3440 1145 3500 sine
1174 3438 1269 3499 dubio
1291 3439 1472 3499 tolerasset.
1496 3438 1549 3498 Sic
1571 3439 1671 3498 etism

404 3539 423 3600 cl
446 3540 511 3600 494

627 3637 691 3699 ίπιί
711 3633 736 3698 σι’
762 3637 795 3700 ib
818 3638 915 3700 πάντα
937 3638 1067 3715 πύθηαι,

404 3739 458 3799 uhi
492 3739 615 3800 scholia
650 3738 775 3800 Harles.
811 3735 909 3816 ἐπὴν
939 3739 1047 3814 potius
1079 3739 1284 3800 scribendum
1315 3753 1388 3800 esse
1418 3741 1600 3815 autumant,
1630 3737 1669 3797 ad

404 3840 629 3902 Aristarchum
651 3841 707 3902 illa
730 3841 836 3916 opinio
859 3841 1025 3904 referenda
1047 3855 1119 3902 esse
1143 3842 1278 3904 videtur.
1301 3841 1341 3902 lit
1360 3841 1487 3902 dubites
1506 3841 1572 3902 iere
1592 3855 1667 3900 num

405 3935 877 4007 mmmMmMffl:

627 4042 683 4106 ode
706 4041 744 4106 ἄν
766 4045 810 4118 τίς
832 4068 883 4125 μιν
906 4042 1044 4126 ἐρυκάκοι
1066 4042 1261 4125 ἀντιβολήσας

404 4149 492 4209 reete
521 4148 617 4210 hodie
646 4149 808 4210 tradatur:
841 4145 1022 4227 Ἀρίσταρχος
1053 4145 1109 4226 ,od
1137 4146 1189 4210 aiv
1219 4147 1262 4221 τίς
1285 4171 1336 4227 μιν
1359 4145 1530 4228 ledam?
1553 4149 1668 4224 lixpec·

405 4250 527 4310 laveris
558 4251 646 4312 sulm
670 4251 749 4311 haee
775 4249 899 4325 potius:
927 4248 1096 4325 <οῧτας>
1131 4248 1312 4330 Ἀρίσταρχος
1342 4245 1430 4324 <decl
1459 4255 1513 4308 τοῦ
1544 4261 1562 4306 oi
1596 4244 1668 4323 ,oie

437 4541 456 4606 ¹)
474 4545 546 4605 ίιχσις
560 4543 724 4609 Ἀρίσταρχος,
741 4545 780 4591 καί
798 4543 838 4590 aab
855 4549 897 4590 τοῦ
916 4545 982 4606 „xr”,
999 4544 1061 4610 ίρρσ
1079 4545 1098 4593 τί
1119 4545 1169 4604 lyd,
1187 4547 1225 4592 καί
1243 4545 1281 4593 διὰ
1299 4551 1340 4592 τοῦ
1357 4542 1424 4602 ,ὅθ

435 4619 456 4686 ¹)
473 4623 563 4672 Simile
585 4623 676 4670 vitium
694 4622 868 4670 helemolrum
889 4624 1025 4672 auatnlisse
1043 4629 1064 4672 Ρ
1079 4625 1138 4681 ibt,
1156 4637 1214 4671 nam
1232 4628 1292 4672 erite
1309 4639 1368 4673 eum
1386 4626 1434 4672 luel
1452 4623 1481 4672 ἂν
1499 4625 1611 4685 nonime
1628 4623 1668 4669 vol

403 4719 429 4749 ιι
446 4703 532 4765 ιισμχσι
550 4703 646 4749 ieotnrn
664 4713 729 4759 εισι,
744 4701 817 4748 illurn
835 4713 896 4748 vero
913 4705 961 4750 luel
979 4703 1010 4767 σρ
1027 4720 1052 4750 ιιι
1069 4705 1154 4764 κάμῃσι
1172 4701 1282 4764 dedisse,
1300 4705 1368 4750 eiiioi
1386 4705 1472 4763 potest
1489 4715 1520 4750 ιι
1533 4701 1669 4749 Aristonici

406 4778 439 4826 ad
455 4780 524 4827 buno
541 4792 644 4828 versum
662 4779 749 4830 verbio
764 4779 871 4826 mutilis.
