3944 5730
959 661 1023 722 ³04
1501 661 1530 732 [5
1556 661 1616 720 122

403 847 532 908 certum
563 849 615 910 est
643 849 719 910 ferri
749 865 812 912 non
844 865 939 925 posse
962 849 1108 912 vocalem
1131 849 1262 910 brevem
1285 849 1318 910 in
1341 847 1554 909 subiunctivis
1577 849 1616 909 ad

357 947 529 1009 flexionem
562 949 771 1010 thematicam
805 951 1048 1026 pertinentibus,
1079 952 1271 1026 quapropter
1301 951 1422 1011 dudum
1459 951 1561 1010 notati
1583 951 1617 1010 et

357 1047 560 1121 probabiliter
582 1050 715 1110 conecti
736 1053 815 1111 sunt
836 1051 897 1112 loci
920 1052 1108 1125 sequentes:

401 1152 431 1207 A
453 1151 496 1210 66
519 1165 567 1224 sq.
591 1149 627 1208 αί
645 1171 696 1210 κεν
769 1145 774 1228 Ι
794 1151 930 1230 βούλεται
952 1149 1092 1224 ἀντιάσας
1114 1146 1187 1228 ἡμῖν
1209 1147 1269 1210 ἀπὸ
1292 1146 1394 1230 λοιγὸν
1420 1145 1543 1227 ἀμῦναι,
1563 1150 1617 1211 ubi

356 1249 390 1310 P.
421 1249 544 1324 Kntgbt
574 1253 713 1313 correxit
740 1247 870 1332 decipi,
898 1254 978 1315 item
1009 1253 1138 1316 Curtius
1168 1251 1310 1314 Verbum
1340 1246 1385 1312 11²
1417 1266 1447 1325 p.
1474 1252 1526 1328 72,
1560 1251 1616 1312 sed

353 1351 485 1424 gravius
507 1351 642 1414 subesse
665 1353 781 1414 vitium
804 1355 897 1416 docet
917 1356 1091 1430 spondaico
1111 1353 1310 1430 pronominis
1342 1351 1447 1412 iorma
1469 1345 1541 1430 ἡμῖν
1564 1353 1615 1423 (ci.

354 1451 460 1529 992),
495 1455 688 1529 quapropter
721 1455 946 1531 rescripsimus
982 1453 1144 1527 ’ἀντιάσας
1173 1445 1245 1532 ἧμιν
1273 1446 1389 1533 βούλητ’
1422 1449 1482 1514 dub
1516 1451 1616 1533 λοιγὸν

356 1550 478 1632 ἀμῦναι.

401 1656 441 1714 Μ
462 1656 502 1716 41
527 1671 574 1729 su.
599 1651 639 1728 ὡς
662 1650 690 1716 d'
716 1652 753 1717 ὅτ’
778 1652 817 1716 ἂν
839 1655 871 1718 ἔν
894 1679 924 1719 τε
942 1658 1125 1720 advectu...
1139 1653 1300 1738 στρέφεται,
1317 1656 1372 1732 ubi
1392 1655 1500 1716 Honro
1519 1655 1614 1717 Hom.

356 1753 514 1819 (λτοιιοιοι.ἱ
546 1757 565 1828 5
595 1757 637 1822 82
669 1757 739 1821 coli.
775 1761 803 1818 T
827 1761 869 1822 67
900 1760 1042 1821 restituit
1066 1761 1179 1836 poetae
1202 1759 1300 1820 verba
1324 1753 1364 1830 ὠς
1388 1750 1420 1816 d’
1446 1751 1483 1816 ὅτ’
1509 1754 1615 1816 ἔναντα

353 1857 540 1920 κύνεσσι...
575 1856 735 1941 στρέφεται,
764 1877 828 1937 qua
857 1863 1052 1924 correctione
1083 1861 1211 1936 egregia
1236 1859 1335 1920 simui
1358 1859 1499 1920 removit
1520 1860 1613 1935 parti·

355 1961 463 2022 culam
487 1962 542 2022 vix
564 1961 770 2024 Homericum
792 1959 831 2024 ἄν
854 1978 910 2040 pro
932 1985 983 2024 κεν
1006 1963 1079 2036 (vid.
1104 1963 1122 2034 ἓ
1146 1964 1232 2034 826).

400 2058 499 2126 Ξέὸέ
522 2072 561 2146 τῷ
584 2062 637 2124 καί
656 2062 689 2123 κί
709 2086 752 2136 τις
774 2060 886 2143 εὔχεται
908 2061 995 2144 ἀνήρ,
1017 2067 1118 2126 immo
1140 2074 1180 2147 τῷ
1203 2063 1256 2123 καί
1275 2059 1306 2123 τί
1320 2084 1363 2134 τις
1385 2065 1423 2122 ut
1441 2065 1493 2124 est
1515 2063 1547 2124 in
1567 2079 1614 2124 co·

354 2163 478 2222 dicibus
500 2162 593 2224 vind.
615 2165 649 2224 et
670 2164 770 2238 Vtut,
793 2166 863 2226 sive
886 2167 969 2239 quod
992 2165 1119 2225 mavult
1140 2164 1249 2225 Mouro
1271 2172 1310 2246 τρε
1333 2162 1386 2221 καί
1405 2161 1449 2234 τίς
1474 2156 1507 2222 τ’.

398 2262 417 2321 i
447 2263 511 2324 672
535 2259 574 2334 ὡς
597 2259 635 2322 ἂν
658 2267 730 2335 (κεν)
753 2261 951 2344 ἐπισμυγερῶς
981 2265 1171 2343 ναυτίλλεται,
1200 2265 1301 2325 immo
1331 2263 1496 2324 ναντίλεται
1527 2269 1614 2340 (aon,

354 2363 417 2426 vid.
452 2363 555 2440 inira),
590 2378 687 2438 quarn
722 2365 893 2427 lectionem
927 2382 945 2428 e
978 2367 1162 2428 coniectura
1194 2365 1338 2426 restituit
1369 2365 1398 2426 J.
1433 2364 1548 2442 Paecb,
1575 2364 1615 2426 de

355 2465 463 2525 vetere
497 2465 690 2526 coniunctivi
725 2466 836 2527 Graeci
870 2466 1071 2544 formatione,
1105 2468 1187 2530 1861
1219 2467 1294 2538 (vid.
1315 2466 1448 2556 ⁸curtius
1473 2465 1612 2528 Verbum

353 2562 398 2626 11²
420 2580 451 2641 p.
475 2566 539 2645 88),
563 2566 675 2628 deinde
699 2567 731 2626 in
753 2568 875 2643 optimo
891 2569 1004 2631 codice
1027 2569 1051 2628 F
1074 2567 1213 2644 repperit
1236 2568 1397 2630 Ludvicb.

398 2669 427 2726 Κ
458 2667 523 2728 360
555 2681 624 2740 sqq.
656 2664 697 2738 ὡς
730 2661 761 2726 δ’
794 2665 840 2727 ὅτε
870 2667 1084 2747 καρχαρόδοντε
1116 2667 1178 2729 δύο
1201 2667 1283 2746 κτίνε,
1303 2667 1420 2730 ίειδίτε
1441 2667 1552 2750 θήρης,
1570 2663 1615 2752 Ιῆ

354 2762 461 2846 κεμάδ’
497 2763 532 2846 ἠὲ
564 2767 681 2848 λαγωὸν
715 2765 861 2847 ἐπείγετον
895 2765 1014 2848 ἐμμενὲς
1049 2765 1106 2829 αἰεί
1126 2762 1131 2842 Ι
1151 2777 1247 2848 χῶρον
1281 2761 1324 2828 ἀν’
1361 2767 1498 2847 ὑλήεντα,
1531 2765 1549 2828 ὃ
1582 2764 1616 2828 dt

352 2863 500 2951 προθέῃσι
522 2867 668 2946 μεμηκώς,
690 2868 737 2928 sic
759 2870 826 2946 Ar,
857 2870 914 2931 sed
937 2871 1061 2932 codices
1092 2863 1227 2948 ὑλήενθ’,
1248 2863 1265 2929 ὃ
1289 2867 1383 2948 θέτε,
1405 2885 1447 2932 ex
1469 2885 1533 2944 qua
1556 2869 1615 2930 lec·

352 2970 448 3031 tionis
472 2969 629 3032 varietate
652 2969 757 3030 Peech
780 2971 901 3045 optimo
924 2960 992 3033 iure
1012 2973 1119 3032 effecit
1137 2975 1251 3048 poetae
1270 2972 1370 3033 verba
1389 2987 1462 3032 esse
1481 2969 1617 3050 ὑλήεντα,

352 3069 369 3130 ii
400 3093 430 3132 τε
463 3069 620 3156 ιιροθέφσι,
653 3071 826 3134 relativum
857 3073 955 3148 igitur
985 3089 1058 3134 esse
1088 3089 1263 3149 pronomen
1294 3071 1368 3136 iet
1397 3089 1518 3134 novum
1542 3074 1613 3134 inde

351 3175 558 3235 enuntiatum
579 3173 684 3248 ordiri,
708 3189 810 3248 neque
833 3175 1005 3248 quicquam
1028 3175 1156 3236 obstare
1180 3177 1352 3250 quominus
1372 3173 1518 3254 ἐπείγετον
1538 3175 1613 3235 indi-

351 3275 449 3335 cativi
472 3275 611 3336 formam
635 3291 707 3336 esse
730 3274 893 3350 dicamus;
918 3276 957 3336 ci.
982 3276 1017 3334 N
1037 3276 1080 3335 64
1099 3277 1168 3356 etp
1188 3276 1262 3352 519,
1283 3277 1336 3337 ubi
1356 3275 1470 3336 eadem
1492 3275 1614 3336 ratione

351 3375 562 3435 indicativum
590 3377 709 3450 excipit
732 3373 749 3433 d
770 3395 800 3434 τε
822 3388 896 3454 cum
919 3374 1133 3435 subiunctivo.

395 3475 495 3535 0419
517 3471 596 3553 ὄφρα
619 3474 788 3546 σπείσαντες
809 3473 1000 3550 κατακείομεν
1023 3468 1121 3532 οίκαδ’
1146 3473 1247 3547 ἰόντες.
1271 3475 1366 3536 Verbi
1390 3474 1458 3534 κείω
1478 3476 1506 3546 (6
1530 3476 1613 3550 169),

349 3577 419 3638 sive
449 3592 603 3654 praesens
625 3579 678 3637 est
699 3577 769 3637 sive
793 3577 948 3653 buturum,
979 3575 1204 3636 subiunctivus
1226 3579 1259 3638 in
1287 3597 1372 3654 -ομεν
1395 3577 1526 3638 formari
1550 3593 1613 3638 uon

349 3679 464 3754 potuit,
497 3693 601 3753 neque
635 3677 822 3739 adverbium
857 3679 1044 3738 truncatum
1078 3677 1179 3738 biunde
1208 3693 1264 3753 pro
1293 3678 1418 3740 θοίιαδε
1447 3681 1612 3740 vetustam

349 3777 442 3839 decet
468 3779 650 3841 dictionem.
671 3778 873 3854 Quamquam
891 3779 1112 3839 duriusculum
1132 3780 1184 3840 est
1210 3780 1293 3852 quod
1312 3781 1485 3854 praeeunte
1505 3779 1612 3840 Fickio

349 3879 574 3955 rescripsimus
604 3876 683 3958 ὄφρα
706 3879 874 3950 σπείσαντες
901 3878 1025 3956 κτέωμεν
1047 3875 1169 3940 ίοίκαδ’
1197 3878 1300 3958 ἰόντες,
1322 3896 1395 3941 cum
1419 3882 1611 3955 praesertim

349 3979 574 4040 subiunctivus
597 3980 693 4040 huius
716 3979 805 4041 verbi
828 3980 909 4042 altae
931 3995 994 4041 non
1017 3983 1203 4057 reperiatur.

393 4081 561 4142 Immerito
594 4095 650 4156 pro
684 4080 887 4141 subiunctivo
916 4080 1047 4155 quidam
1080 4083 1260 4143 babuerunt
1290 4082 1423 4143 verbum
1455 4080 1611 4158 κελεύομεν

353 4185 387 4241 Ψ
418 4184 482 4244 ube
505 4207 537 4228 =
561 4183 643 4258 802;
686 4182 801 4257 quibus
839 4181 917 4243 locis
959 4183 1152 4244 indicativus
1192 4183 1273 4244 bene
1315 4184 1431 4245 babere
1474 4183 1611 4259 videtur,

349 4299 452 4358 neque
484 4285 581 4359 igitur
610 4285 793 4346 necessaria
823 4287 874 4345 est
906 4283 1033 4346 cbristii
1059 4285 1242 4346 coniectura
1264 4284 1425 4361 κελώμιθα.
1453 4285 1490 4345 Iu
1516 4301 1608 4346 versu

352 4387 438 4446 Ψ75
458 4386 592 4446 verbum
609 4381 795 4466 ὀλοφύρομαι
812 4386 1018 4446 Aristarchus
1040 4387 1310 4460 interpretabatur
1330 4385 1380 4444 ivn
1400 4381 1608 4466 ὀλοφύραμαι;

347 4486 401 4558 qul
424 4486 454 4546 ei
477 4500 590 4546 verum
615 4484 705 4561 vidit,
728 4485 847 4546 aoristo
871 4481 1072 4564 ὠλοφνράμην
1094 4487 1146 4547 bic
1169 4486 1393 4545 subiunctivus
1417 4489 1469 4546 est
1493 4487 1608 4546 adscri-

347 4588 480 4663 bendus,
499 4586 678 4661 praesentis
701 4587 788 4647 euim
812 4601 884 4647 esse
907 4587 1034 4663 usquin
1059 4587 1116 4648 esd
1140 4601 1265 4648 errasse
1284 4586 1519 4664 Aristarchum,
1540 4601 1607 4661 par·

347 4689 518 4749 entbeseos
549 4686 635 4747 enirn
665 4686 735 4747 loeo
765 4687 990 4762 interpositum
1025 4701 1097 4748 esse
1129 4686 1260 4748 verbum
1286 4682 1471 4767 ὀλοφύρομαι
1490 4701 1609 4761 precor,

347 4789 428 4850 satis
451 4789 576 4849 certum
599 4787 697 4865 duco;
720 4787 760 4850 ci.
784 4787 802 4858 5
829 4788 891 4848 108
916 4803 987 4864 pag.
1012 4788 1086 4850 282.
