4272 5792
520 789 603 834 xxxi

8 959 31 1016 ul
59 959 96 1018 sic
121 961 226 1020 statuit:
261 959 439 1034 ‚Doloneee
462 963 574 1020 auctor
605 959 754 1032 cognovit
786 959 999 1032 Odysseam''.
1030 959 1097 1022 ileo
1129 974 1194 1023 non

10 1059 75 1120 leuci
98 1075 158 1120 cum
177 1059 317 1122 lllomede
347 1059 554 1134 colloquium,
585 1057 669 1132 quod
691 1072 778 1120 nunc
800 1058 834 1119 ln
857 1057 937 1120 libro
962 1061 987 1118 Z
1013 1059 1116 1136 extat,
1139 1059 1194 1122 all·

7 1161 51 1220 ode
78 1161 232 1221 dmumtum
262 1160 443 1222 iudicarunt
475 1161 601 1222 retorsa
631 1159 847 1236 grammatici,
879 1161 913 1220 et
944 1161 1031 1223 recte
1051 1161 1192 1237 proiecto

9 1264 136 1322 dicerunt.

13 1363 132 1436 Denique
159 1363 186 1422 io
215 1362 346 1423 Iliadem
377 1363 501 1422 sensim
531 1363 729 1436 irrepserunt
759 1377 873 1423 versus
903 1363 1005 1436 spurii
1037 1363 1124 1426 haud
1147 1365 1194 1425 ita

9 1463 59 1536 uci,
86 1477 154 1535 quos
179 1463 265 1523 nelos
294 1477 368 1524 esse
398 1461 520 1523 duma
543 1461 681 1538 posteris
705 1475 782 1537 epos
805 1461 1002 1524 recitabatur
1025 1463 1120 1526 iaclle
1142 1480 1193 1526 no·

7 1563 249 1637 rpersuademus3
273 1577 301 1623 e.
318 1577 349 1638 g.
374 1577 458 1636 quae
487 1563 526 1622 de
553 1561 702 1624 Hectoris
726 1562 890 1637 quadrigis
912 1563 1052 1638 legimus
1079 1563 1105 1624 Θ
1131 1565 1193 1626 186

7 1683 23 1738 l·
46 1663 89 1724 vel
111 1665 145 1725 de
164 1667 303 1740 serpente
329 1663 352 1722 Β
375 1663 450 1740 aio,
477 1661 526 1724 vel
551 1677 682 1724 versum
709 1661 735 1722 Θ
758 1665 822 1724 528

196 1763 312 1840 ἐξελάαν
336 1761 459 1826 ἐνθένδε
482 1765 576 1838 κύνας
599 1763 718 1846 acicam
742 1763 903 1846 φορηεούς,

9 1873 54 1928 est
71 1871 130 1944 scio
149 1870 303 1946 cdrqaoe,
322 1869 468 1946 perditos,
493 1868 574 1930 ialse
597 1868 644 1929 ita
667 1867 882 1944 explicatum:

197 1969 259 2044 [οὓς
281 1979 369 2051 κῆρες
392 1969 535 2050 φορέουσι
558 1969 726 2048 μελαινάων
749 1967 813 2032 lul
836 1975 940 2050 νηῶν].

9 2075 37 2132 ia
57 2075 121 2135 dico
142 2089 217 2148 quaa
246 2089 321 2136 cunr
344 2075 491 2148 proximo
513 2075 669 2134 contextu
691 2074 750 2134 aut
772 2088 848 2134 curn
871 2073 1022 2135 interiore
1045 2075 1196 2137 dictionis

7 2191 50 2235 aa
73 2175 209 2249 vitaeque
230 2177 377 2238 heroicae
400 2176 530 2238 notione
554 2173 716 2236 conciliari
740 2177 911 2250 nequeant.
935 2175 1001 2238 Nec
1024 2192 1088 2238 non
1107 2177 1195 2238 slmi-

40 2278 186 2352 origlnem
215 2277 334 2339 habent
363 2277 434 2355 locl,
472 2279 526 2339 ubl
558 2277 607 2340 bis
637 2277 722 2340 idem
747 2277 864 2338 dicitur
886 2277 1010 2338 duasve
1033 2293 1195 2354 compara·

8 2393 40 2438 ee
74 2379 180 2440 eodem
213 2379 382 2440 tendentes
425 2378 574 2454 deinceps
608 2379 686 2440 sunt
719 2378 911 2440 collocatae:
949 2379 973 2436 Β
1008 2379 1194 2456 itii-478,

8 2481 169 2556 ·48—565‚
194 2481 219 2540 Ο
242 2481 428 2558 cle-629,
456 2480 689 2556 rull-379,
718 2482 746 2538 T
765 2481 950 2542 tao-503.

473 2657 662 2668 ——.-.—-

8 2781 134 2852 lysseae
157 2781 283 2842 slmiles
305 2783 402 2854 atque
425 2781 536 2842 iliadis
566 2781 655 2842 inere
678 2779 814 2842 natales.
839 2779 937 2842 (iuius
959 2779 1113 2841 carminis
1136 2780 1194 2856 pri·

8 2897 63 2940 um
95 2883 324 2956 argumentum
360 2881 422 2944 iult
455 2881 562 2942 Ulixis
592 2880 624 2942 ln
655 2881 792 2956 patriam
816 2879 939 2942 reditus
970 2883 1044 2956 post
1066 2879 1195 2942 Troiam

8 2999 71 3044 om.
98 2984 146 3045 Ex
171 3001 209 3046 co
235 2985 331 3059 igitur
354 2985 535 3046 carminum
567 2999 683 3060 genere
707 2983 768 3044 tuit
791 2983 875 3058 quod
898 2983 931 3044 in
955 2983 1027 3060 ipsa
1049 2983 1196 3060 Odyssea

7 3089 197 3148 demoratur
228 3111 248 3146 u
273 3091 348 3164 326,
373 3088 426 3150 ubl
451 3088 604 3150 Phemius
627 3087 788 3149 inducitur
812 3089 932 3164 Ἀχαιῶν
957 3084 1061 3147 νόστον
1084 3083 1194 3168 λυγρὸν

8 3205 59 3250 ns.
83 3189 295 3264 compositus
315 3191 425 3252 autem
452 3191 602 3252 vetustus
627 3189 680 3250 ille
701 3181 844 3266 Ὀδυσῆος
867 3185 971 3260 νόστος
995 3191 1066 3250 erat
1088 3204 1129 3249 ex
1154 3188 1194 3250 lis

7 3308 96 3364 quaa
133 3307 223 3352 nunc
259 3294 408 3366 leguntur
442 3293 474 3353 in
506 3291 596 3353 libris
630 3315 649 3350 ο
685 3306 733 3352 vs.
772 3291 888 3368 1-87,
920 3310 943 3366 ε,
973 3290 997 3367 ζ,
1027 3311 1057 3368 η,
1086 3313 1108 3368 ι,
1130 3294 1155 3370 1,
1178 3313 1196 3350 ν
1293 3303 1296 3310 ’

8 3396 131 3456 -184,

13 3501 70 3588 tea
96 3497 344 3575 amplificatum
373 3500 425 3560 est
447 3499 506 3561 hcc
529 3513 610 3575 opus
633 3511 717 3560 novo
739 3495 863 3558 adscito
886 3497 1088 3574 argumento,
1112 3497 1196 3572 quod

9 3618 29 3661 e
68 3602 204 3662 ultione
240 3617 340 3676 quam
375 3601 489 3662 Ulixes
523 3601 556 3661 in
586 3599 725 3676 patriam
758 3597 858 3660 redux
889 3599 1011 3660 sumsit
1041 3615 1061 3662 a
1092 3599 1197 3675 procis

8 3719 38 3762 m
75 3718 184 3763 suam
217 3704 403 3778 petentibus
427 3697 457 3772 ¹).
483 3701 571 3764 Haec
601 3699 681 3773 Τίσις
711 3701 894 3762 continetur
914 3699 1041 3760 llbrlsv
1064 3715 1110 3760 vs.
1135 3701 1197 3761 185

7 3825 54 3879 ,π
67 3839 111 3849 -
130 3819 158 3880 ψ
174 3807 313 3866 1111296.
338 3805 485 3878 Mythum
508 3805 620 3864 autem
640 3801 842 3864 substratum
862 3815 936 3862 esse
954 3801 1193 3878 perantiquum,

23 3923 113 3967 vera
150 3906 355 3981 significatio
385 3907 472 3981 ipsos
507 3911 599 3965 vates
637 3905 691 3977 qui
725 3903 832 3963 Ulixis
863 3917 987 3964 errores
1012 3902 1198 3963 cecinerunt

8 4007 88 4068 ubic
116 4007 240 4084 latuit,
264 4007 495 4070 intellexerunt
523 4006 583 4066 viri
608 4005 693 4067 docti
716 4006 832 4066 harum
856 4019 964 4064 rerum
993 4003 1122 4080 curicsl,
1142 4003 1196 4078 qui

8 4109 312 4170 demonstrarunt
342 4109 520 4183 Penelopen
551 4108 650 4168 telam
675 4107 843 4167 texentem
871 4107 968 4178 atque
992 4105 1196 4166 retexentem

8 4225 138 4282 imque
189 4213 329 4270 caterva
371 4209 604 4271 circumdatam
646 4208 797 4282 primitus
832 4206 934 4266 luisse
971 4205 1067 4266 lunae
1102 4205 1197 4266 modo

11 4310 65 4369 tis
96 4310 214 4370 modo
240 4309 456 4372 decrescentis
479 4309 701 4382 sideribusque
728 4308 868 4382 stipatae
891 4307 1079 4381 imaginem,
1103 4307 1196 4366 marl·

13 4412 96 4470 tem
125 4412 228 4485 eius,
250 4411 305 4482 qui
317 4411 488 4484 postquam
506 4410 537 4469 ln
551 4409 724 4481 longinque
736 4407 843 4467 insuia
855 4406 938 4482 apud
950 4407 1046 4466 deam
1060 4405 1197 4480 calypso

8 4517 59 4574 ml
93 4511 268 4571 latitavit
290 4513 324 4571 ct
345 4512 513 4572 obscuram
538 4511 714 4570 interorum
738 4507 902 4582 regionem
923 4521 1115 4582 permensus
1135 4507 1196 4581 est,

8 4615 74 4674 nte
104 4613 170 4684 (ci.
204 4637 230 4688 μ
257 4617 275 4674 3
298 4617 379 4686 sqq.)
403 4612 443 4673 ad
467 4627 601 4674 uxorem
627 4610 710 4671 redit
731 4610 783 4670 die
803 4608 967 4670 interluoil
987 4613 1012 4676 (τ
1027 4607 1113 4683 807),
1133 4622 1196 4681 quo

8 4870 70 4913 scos
107 4867 188 4914 illos
221 4867 368 4928 Penelopes
394 4878 485 4927 procos
507 4864 589 4926 primo
615 4869 656 4909 roo
674 4864 767 4908 Νύσιον
787 4857 885 4905 accurri
904 4854 1021 4915 cognitos
1037 4853 1117 4902 inisse
1135 4866 1195 4901 nns-

8 4949 97 4994 aret.
