3934 5706
962 771 1025 832 217

834 1009 875 1069 11.
912 1007 1029 1085 stirpe
1050 1011 1085 1070 in
1108 1026 1148 1068 -σ,

400 1171 423 1256 5
447 1174 494 1240 71.
527 1179 692 1257 stirpium,
720 1183 858 1254 quaein
881 1183 1024 1244 litteram
1048 1198 1067 1242 σ
1088 1183 1250 1260 desinunt,
1270 1185 1446 1246 contractio
1466 1183 1556 1244 nulla
1576 1185 1627 1244 ast

357 1276 389 1336 ln
408 1277 520 1351 lingua
538 1280 644 1355 epica3
669 1281 709 1342 ci.
729 1282 747 1351 5
769 1283 798 1342 7.
823 1282 930 1344 Datlvl
953 1283 1216 1346 terminationem
1236 1283 1349 1346 -relidi
1368 1297 1463 1359 posse
1483 1283 1626 1344 vidimus

357 1377 431 1448 inS
456 1380 506 1440 13.

399 1479 609 1543 Substantiva
632 1488 748 1546 neutra
770 1487 803 1546 in
825 1509 873 1558 -ος
896 1487 943 1548 ite
966 1487 1157 1550 flectuntur:

622 1587 659 1647 N.
684 1587 721 1648 V.
745 1589 784 1650 A.
829 1586 924 1660 Ηπος
1057 1586 1161 1648 fines.

750 1690 786 1752 G.
832 1686 941 1764 ἔέπεος
1059 1687 1186 1751 fantur.

751 1793 787 1854 D.
832 1789 922 1853 firtel·
1059 1789 1197 1854 fratrom
1220 1796 1255 1856 at
1275 1789 1427 1866 simiolus

355 1889 536 1965 Separatim
570 1895 890 1958 commemorandum
922 1897 973 1958 est
1003 1894 1081 1972 φάος
1113 1897 1169 1957 lca
1203 1897 1231 1967 (5
1256 1897 1341 1973 280),
1366 1896 1434 1958 litt.
1464 1904 1529 1974 φῶς
1552 1911 1624 1972 gen.

355 1991 453 2067 φωτός
477 1987 507 2065 ¹).
532 1995 618 2057 Plur.
642 1987 720 2073 φάεα
743 1997 819 2057 καλά
841 1998 965 2059 lumina
987 2002 1031 2069 (=
1042 1998 1131 2071 oculi)
1154 2017 1177 2058 π
1203 1999 1243 2061 15
1255 2023 1288 2046 =
1299 2020 1316 2078 p
1341 1998 1383 2059 39
1407 2021 1422 2058 τ
1445 1999 1510 2061 417
1534 1995 1567 2070 ²).

398 2097 494 2159 Nullo
520 2114 584 2160 non
615 2099 649 2160 in
675 2116 752 2162 casu
775 2102 935 2177 discrepat
957 2102 1017 2164 boe
1041 2102 1234 2164 vocabulum
1257 2118 1277 2163 a
1299 2103 1430 2164 nomine
1453 2103 1625 2164 Homerico

355 2195 458 2274 ὁφώς
490 2210 574 2276 φῶτα
601 2201 699 2278 φωτός
727 2205 788 2264 etc.
820 2205 877 2264 uir.
908 2206 946 2264 In
976 2207 1071 2265 textu
1101 2207 1213 2266 autem
1244 2205 1363 2265 tradito
1386 2220 1444 2279 per
1465 2204 1623 2266 diastasin

354 2315 437 2374 quas
469 2301 585 2362 dicitur
616 2304 807 2373 (cl.5191)
838 2304 995 2378 scriptum
1026 2307 1078 2365 cst
1100 2303 1183 2380 φόως
1215 2307 1251 2375 (Β
1275 2306 1316 2365 49
1341 2306 1414 2374 etc.)
1442 2306 1476 2365 et
1506 2302 1625 2380 φόωσδε

355 2402 391 2472 (Β
418 2402 482 2461 309
507 2402 580 2473 etc.)
606 2418 663 2477 pro
686 2403 764 2478 φάος
784 2405 817 2464 et
836 2402 960 2478 φάοσδε.
981 2405 1128 2466 sinceras
1147 2407 1270 2466 formas
1290 2405 1420 2466 restitui
1441 2406 1474 2464 et
1493 2419 1589 2479 posse
1601 2401 1624 2473 ³)

355 2502 388 2560 et
409 2500 524 2561 debere
547 2501 709 2564 intellexit
728 2503 762 2563 P.
776 2503 907 2578 Knlght,
928 2503 961 2564 in
980 2504 1059 2578 ipsis
1079 2504 1241 2566 codicibus
1261 2503 1339 2580 φάος
1357 2505 1516 2579 reperitur
1528 2519 1545 2562 σ
1558 2506 1622 2566 317

353 2601 433 2662 τ34
458 2603 491 2662 et
513 2602 637 2677 passim
660 2604 745 2678 apud
767 2603 956 2679 Hesiodum,
981 2605 1020 2665 cl.
1044 2605 1193 2679 Spitzner
1216 2620 1300 2665 vers.
1325 2603 1452 2666 Heroic.
1476 2620 1506 2680 p.
1532 2605 1585 2666 23.

397 2805 508 2866 lilerio
541 2807 711 2868 nominum
740 2805 773 2867 τὸ
804 2803 903 2884 δΗος,
932 2822 1004 2881 gen.
1036 2804 1150 2884 δΗεος,
1179 2811 1212 2870 at
1241 2806 1274 2868 rb
1302 2803 1391 2878 σπέος
1422 2823 1495 2882 gen.
1520 2803 1636 2879 σπέεος

351 2904 416 2963 dat.
460 2899 544 2964 σπὲεϊ
574 2903 655 2978 plur.
691 2902 823 2966 σποὲεσσι
864 2907 898 2967 et
935 2903 1044 2983 σπέεσο,
1077 2907 1157 2966 ulbil
1191 2907 1290 2968 habet
1323 2906 1456 2967 insoliti.
1492 2907 1554 2968 Sed
1588 2907 1622 2966 ln

349 3003 513 3077 mscrlptis
542 3005 604 3065 bae
643 3005 766 3067 iormae
796 3009 965 3069 cesserunt
987 3007 1135 3069 absurdis
1158 3009 1191 3067 et
1214 3006 1299 3068 inter
1321 3021 1357 3068 se
1381 3007 1619 3083 pugnantibus:

349 3120 421 3179 gen.
453 3103 551 3178 δείους
581 3105 714 3184 σπείους,
742 3107 806 3169 dat.
838 3115 911 3187 σπῆι
941 3107 1065 3186 σπήεσσι
1088 3107 1193 3169 σπεσσί
1211 3111 1243 3185 i),
1275 3109 1314 3170 dc
1338 3121 1476 3182 quarum
1500 3107 1623 3182 origine

351 3207 413 3270 vid.
447 3209 465 3279 5
498 3211 526 3270 7.
552 3211 708 3273 Revocari
739 3213 874 3288 possunt
905 3214 1028 3275 formae
1070 3213 1228 3288 genuinae
1261 3212 1332 3273 sine
1366 3211 1435 3272 ulla
1470 3212 1625 3274 violentia

349 3312 427 3374 locis
458 3315 594 3393 cunctis,
625 3317 769 3393 exceptis
803 3337 816 3376 ε
840 3316 903 3378 194
926 3320 1026 3388 σπεῖος
1048 3320 1138 3388 (acc.)
1162 3319 1196 3379 et
1218 3315 1295 3378 Hes.
1316 3315 1435 3390 Theop.
1458 3315 1522 3376 297
1549 3322 1622 3393 σπῆι

350 3411 404 3491 lvi,
426 3416 487 3492 leg.
511 3414 600 3490 σπέος
622 3415 652 3490 ip
675 3420 709 3479 et
731 3416 763 3479 ἐν
786 3414 868 3478 uniri·
889 3435 964 3480 oum
988 3419 1141 3481 Nauckio.

393 3617 416 3702 ὅ
440 3621 490 3686 72.
521 3623 558 3684 ln
589 3623 749 3699 syllabam
772 3629 821 3698 -ἅς
843 3625 936 3700 plura
958 3624 1090 3685 nomina
1113 3623 1264 3686 desinunt
1287 3639 1386 3699 quam
1409 3624 1493 3700 apud
1518 3623 1621 3698 postc-

349 3739 411 3786 ros.
436 3724 643 3802 Quorundam
667 3729 779 3790 autem
801 3727 898 3804 alpba
919 3727 953 3788 ln
976 3749 990 3786 r
1013 3727 1098 3804 abit;
1123 3741 1256 3803 nempe:

396 3829 425 3898 1)
448 3825 550 3908 κσὲρᾶς
583 3831 612 3888 li
635 3831 699 3892 216
723 3829 756 3887 it
779 3830 853 3905 235,
876 3829 957 3905 plur.
981 3825 1082 3910 κτέρεα
1105 3826 1239 3910 κτερέων,
1269 3844 1344 3890 cum
1369 3829 1465 3892 verbo
1488 3829 1622 3909 κτερεΐξω

350 3930 379 4000 (5
403 3931 488 4000 222).

395 4031 426 4100 2)
449 4038 539 4108 κῶας,
560 4030 638 4092 κώεα
662 4031 758 4092 κώεσι.

382 4221 402 4290 ¹)
419 4227 449 4273 In
474 4226 561 4275 dativo
586 4235 619 4290 οφ
639 4235 676 4290 φφ
700 4225 796 4274 dixisse
820 4227 902 4275 fertur
925 4227 1062 4288 Euripides
1085 4228 1116 4276 ir.
1135 4229 1197 4285 uum
1214 4227 1284 4288 quod
1304 4228 1327 4275 si
1344 4239 1432 4276 rarum
1451 4229 1498 4285 ast,
1516 4226 1618 4276 soloscs

348 4305 487 4354 admodum
504 4307 546 4354 ast
562 4306 672 4354 locutus.

379 4378 401 4442 Β)
420 4385 476 4440 Quo
501 4385 557 4432 iure
579 4385 662 4445 prima
684 4383 784 4444 syllaba
806 4384 964 4445 producatur
986 4399 1036 4434 uon
1060 4387 1180 4446 apparet;
1198 4385 1332 4432 metricam
1349 4384 1415 4432 banc
1432 4399 1490 4433 msa
1509 4387 1620 4447 produc·

347 4463 444 4510 tionem
463 4465 539 4523 putat
558 4463 666 4510 Sobulas
683 4464 787 4519 (tuaest
805 4463 853 4523 Ep.
871 4478 897 4524 p.
915 4465 972 4525 tut,
990 4464 1023 4512 cl.
1041 4477 1119 4524 supra
1136 4477 1194 4525 pag.
1213 4465 1252 4512 ab.

379 4535 401 4604 ⁸)
418 4544 480 4602 φόως
497 4541 532 4588 ibi
550 4543 650 4588 tautum
667 4541 762 4600 legitur
779 4541 824 4588 ubi
842 4541 970 4602 positione
986 4538 1012 4606 (s
1030 4544 1061 4590 dl
1078 4541 1144 4606 ictu)
1161 4541 1311 4602 producitur
1328 4540 1427 4601 syllaba
1444 4542 1537 4590 dualis.

378 4615 400 4682 ⁴)
417 4619 489 4667 Adde
516 4634 608 4668 nomm
633 4621 764 4681 proprium
789 4624 864 4668 Σπειώ
890 4625 912 4666 Σ
930 4622 971 4678 40,
994 4621 1044 4681 lep.
1066 4624 1144 4668 Σπειώ
1160 4623 1207 4668 aut
1227 4624 1303 4668 Σποῑώ
1320 4615 1369 4684 (sic
1387 4620 1497 4668 Subula
1514 4622 1619 4677 Quasst.

345 4698 392 4757 Ep.
410 4711 436 4758 ρ.
451 4699 518 4758 403),

377 4777 484 4824 Formas
511 4780 656 4826 contractas
680 4779 819 4828 defendere
842 4781 950 4828 conatus
974 4782 1014 4827 est
1031 4781 1115 4827 cauas
1137 4779 1267 4838 Odysseae
1285 4778 1365 4838 prael.
1384 4793 1409 4839 p.
1427 4791 1470 4836 xv,
1486 4778 1529 4827 oui
1547 4779 1619 4828 oble·

345 4859 420 4905 cutus
443 4859 484 4906 ost
505 4872 553 4906 van
577 4859 701 4907 Imouwon
727 4861 850 4909 Mnemon.
874 4861 938 4908 iulia
959 4873 1017 4920 pap.
1032 4860 1119 4920 ²¹⁰2&
1136 4869 1237 4907 errans
1253 4871 1281 4906 ss
1298 4858 1416 4906 concedit
1433 4859 1515 4907 Carior
1537 4861 1619 4922 prael.

346 4939 418 4988 llinl.
439 4940 503 4990 litto
521 4953 546 5003 p.
565 4953 579 4990 r
596 4943 623 4988 ot
641 4953 694 5000 rix,
711 4942 824 4989 attamen
842 4940 949 4990 vitiosas
967 4940 1063 4989 tonnas
1081 4940 1158 4989 etlam
1181 4941 1205 4988 ln
1223 4939 1312 4988 illailla
1330 4941 1401 4989 tortu
1420 4939 1533 5002 reliquit
