3944 5730
309 699 327 768 fi
353 700 426 770 122]
911 699 974 759 811

354 886 531 960 Postquam
568 881 784 944 tractavimus
813 882 1012 944 subiunctivi
1042 883 1165 944 iormas
1194 897 1277 957 quae
1309 882 1441 943 brevem
1466 883 1588 944 habent

311 985 466 1061 vocalem,
479 983 715 1059 perpendamus
727 983 853 1058 oportet
865 981 1091 1044 difficultatem
1103 998 1186 1057 quae
1197 983 1283 1044 inest
1294 983 1428 1057 reliquls
1439 983 1587 1058 personis

309 1085 455 1146 eiusdem
487 1083 761 1146 conformationis.
793 1083 916 1156 Nempe
937 1083 965 1142 ei
987 1083 1092 1142 textui
1110 1083 1229 1144 tradito
1248 1083 1328 1144 tides
1353 1085 1404 1144 eet
1428 1083 1587 1158 habenda,

310 1186 406 1247 ilario
426 1185 624 1248 athematica
648 1185 681 1245 in
704 1185 815 1258 lingua
839 1185 929 1259 epica
952 1185 1050 1245 hasce
1073 1185 1197 1260 peperit
1223 1185 1422 1246 subiunctivi
1447 1185 1585 1259 liguros:

552 1307 591 1344 -ω
659 1307 708 1367 -ῃς
739 1307 772 1367 -ῃ
841 1305 921 1344 -δῖον
974 1305 1060 1361 -θμΕν
1114 1306 1171 1345 ·Εῐε
1232 1301 1311 1362 -oidi,

553 1408 638 1463 -ομαι
661 1407 720 1445 -εαι
742 1407 818 1445 -ειαι
840 1389 954 1462 qcsov
977 1389 1089 1462 -ομεθα
1113 1390 1203 1464 -ησθε
1231 1407 1344 1446 -ωνται,

354 1489 489 1550 Formae
519 1488 626 1564 igitur,
655 1489 693 1549 de
724 1502 862 1562 quarum
894 1487 998 1548 vocali
1022 1488 1165 1548 matrum
1192 1488 1346 1550 certiores
1369 1502 1429 1548 noe
1453 1485 1585 1548 reddere

309 1589 425 1666 potest,
449 1589 581 1651 brevem
601 1604 675 1651 eam
698 1588 827 1664 habent,
849 1589 974 1650 ceierae
987 1587 1127 1660 longam.
1153 1589 1197 1648 At
1215 1589 1288 1662 quis
1308 1588 1454 1664 praestat
1469 1587 1585 1661 longas

309 1690 382 1752 illas
406 1693 534 1754 vocales
556 1715 575 1768 η
599 1693 633 1753 et
655 1714 679 1750 ω
702 1690 860 1766 genuinas
883 1691 980 1751 esse?
1008 1689 1198 1764 Antiquitus
1222 1691 1309 1752 enim
1340 1689 1469 1753 litterae
1491 1691 1584 1749 -ΕΙΣ

309 1796 372 1853 -nl
388 1796 423 1856 et
444 1817 494 1878 -ψς
517 1817 550 1878 -ψ
570 1793 796 1869 significabant
817 1795 851 1854 et
874 1814 929 1865 -εις
953 1814 1002 1870 -ει,
1029 1793 1193 1853 -ΕΣΘΟΝ
1213 1794 1344 1853 -ΕΣΘΕ
1367 1809 1442 1856 cum
1467 1797 1581 1870 -ησθον

309 1902 400 1975 -ησθε
429 1899 579 1972 poterant
610 1897 717 1958 valere
740 1897 812 1958 ium
834 1900 942 1956 -ισθον
968 1901 1063 1974 -εσθε,
1092 1897 1182 1955 -ΟΣΙ
1203 1897 1349 1956 -ΟΝΤΑΙ
1379 1898 1489 1957 uirum
1513 1911 1582 1956 -ωσι

309 2021 414 2058 -ωνιαι
448 2001 559 2060 essent
593 1998 754 2060 reddenda
780 2013 822 2060 an
849 2014 931 2059 -ουσι
965 2019 1063 2058 -ονιαι
1092 1999 1252 2060 incertum
1276 1999 1362 2074 erat:
1388 1999 1582 2074 quapropter

310 2101 404 2163 lacile
434 2101 504 2162 lieri
532 2102 638 2176 potuit
668 2102 704 2161 ut
731 2102 901 2163 verborum
925 2101 1057 2178 figurae,
1081 2115 1164 2175 quas
1189 2101 1357 2175 praeberet
1379 2099 1490 2173 lingua
1515 2100 1580 2160 vul·

309 2205 396 2280 gata,
430 2204 463 2264 in
494 2205 622 2264 textum
648 2203 858 2264 Homericum
881 2205 1059 2278 irreperent
1082 2204 1176 2278 culpa
1206 2203 1520 2264 transscribentium.
1546 2203 1583 2263 ld

310 2303 417 2377 ipsum
451 2305 574 2378 autem,
606 2304 689 2377 quod
720 2305 868 2377 analogia
898 2304 1011 2379 poncii,
1036 2305 1069 2363 in
1094 2292 1260 2378 mscriptie
1283 2303 1401 2377 legitur
1424 2303 1504 2364 locis
1527 2302 1583 2363 ubl

311 2405 453 2464 acrisius
486 2405 679 2478 sigmatibus
708 2404 902 2478 particulam
925 2424 957 2463 κε
980 2400 1040 2474 (ἄν)
1064 2405 1125 2464 sibi
1145 2403 1290 2464 additam
1313 2404 1421 2477 habet,
1446 2419 1473 2464 e.
1494 2418 1524 2476 g.
1553 2403 1587 2463 oi

310 2500 343 2562 1ιέ
365 2525 400 2578 με
422 2503 579 2580 τιμήσουσι
604 2509 631 2562 Α
658 2505 730 2578 175,
762 2501 781 2579 ἣ
804 2502 846 2573 τίς
869 2524 901 2562 κε
931 2503 1105 2580 fabricemur
1129 2498 1182 2580 ἠδὲ
1205 2501 1313 2562 σαώσει
1338 2505 1365 2560 Κ
1391 2503 1444 2578 44,
1468 2503 1582 2575 quales

311 2603 433 2665 formas
456 2618 512 2678 pro
539 2603 657 2664 futuris
677 2604 755 2663 olim
778 2603 906 2664 habitas
930 2619 1002 2665 esse
1025 2619 1124 2678 supra
1147 2603 1298 2664 vidimus.
1327 2603 1471 2676 Denique
1493 2619 1582 2664 acce·

310 2705 391 2764 dunt
403 2705 544 2779 lapidum
562 2705 751 2764 testimonia
767 2704 902 2765 minime
926 2705 1171 2780 contemnenda,
1198 2719 1280 2777 quae
1304 2703 1516 2765 dehortantur
1542 2719 1583 2764 ne

311 2821 385 2866 cum
411 2805 714 2880 transscripturibue
736 2805 858 2865 formas
875 2819 943 2887 -σρς
963 2820 1014 2888 -1ρ
1030 2819 1117 2864 -σωσι
1134 2805 1195 2865 etc.
1217 2805 1359 2866 Homero
1378 2805 1583 2880 tribuamus;

311 2922 426 2981 nempe
462 2908 495 2967 in
532 2906 671 2966 vetustis
702 2905 964 2980 inscriptionibus
997 2905 1107 2967 Ionica
1141 2905 1278 2966 dialecto
1313 2905 1487 2982 conceptis,
1520 2921 1583 2966 nec

309 3008 427 3068 nonin
454 3007 566 3068 Cretas
591 3006 749 3082 lapidibus
772 3007 1011 3081 antiquissimis
1033 3009 1067 3067 et
1090 3008 1122 3068 in
1148 3007 1267 3069 tabulis
1298 3007 1579 3084 Heracleensibus‚

307 3109 532 3170 subiunciivus
555 3109 663 3168 curiali
681 3109 783 3183 primi
805 3108 903 3169 habet
926 3108 1189 3170 terminationem
1215 3111 1286 3182 -ΕΙ,
1308 3108 1481 3184 praeacutis
1506 3124 1582 3169 vero

308 3213 341 3272 ot
370 3211 478 3272 amiati
508 3211 635 3270 secundi
665 3209 892 3271 subiunciivus
915 3225 1048 3270 summa
1070 3211 1254 3272 constantia
1277 3211 1310 3272 in
1338 3213 1405 3270 -Hi
1428 3211 1506 3272 oxii.
1532 3210 1582 3270 Vi·

308 3313 444 3374 deantur
469 3314 557 3374 tituli
580 3329 661 3386 qnos
685 3311 855 3373 indicaturi
879 3327 1012 3374 sumus:

352 3415 523 3490 Inscriptio
546 3415 684 3489 Ephesia
706 3413 828 3476 saeculi
848 3403 895 3489 V¹‚
920 3413 996 3476 uic.
1016 3416 1101 3476 2953
1122 3409 1159 3486 ¹1:
1184 3411 1223 3494 ἢν
1242 3409 1296 3492 μὲν
1318 3410 1489 3494 ἀποκρύψει
1511 3416 1583 3486 (ter)

308 3520 343 3580 01
365 3515 466 3597 λιπάρει
488 3519 570 3589 (bis).

354 3620 430 3682 uid.
467 3621 554 3682 3044
579 3615 601 3690 ²)
632 3619 715 3694 lapis
746 3620 843 3681 Teius
867 3621 943 3682 anni
977 3621 1043 3682 lere
1074 3621 1140 3682 470
1163 3638 1192 3682 a.
1218 3619 1269 3682 u:
1297 3613 1330 3692 ὃς
1355 3615 1585 3692 ἂν...καιάξει

308 3717 521 3801 ἣ...ἒιιιιόψει
543 3716 763 3799 ἢ...ποιήσει.

353 3825 436 3886 IGA.
469 3824 531 3885 381
556 3818 579 3894 Ι)
603 3823 684 3898 lapis
717 3821 832 3885 Chius:
865 3820 904 3900 ἢν
926 3820 1161 3901 ιις...ιῑσιήσει
1184 3825 1218 3884 et
1240 3819 1279 3902 ἣν
1305 3818 1338 3882 δὲ
1363 3821 1405 3901 μὴ
1429 3819 1585 3902 πρήξοισιν

309 3926 391 4004 (bis),
412 3923 469 3985 sed
492 3921 584 4007 ἐξέλῃ,
606 3921 728 4007 μεθέλῃ,
751 3919 851 4008 μέλλῃ,
874 3921 963 4010 ὄφλῃ,
986 3933 1068 4009 ποιῇ,
1091 3924 1244 4004 λάβωισιν.

353 4027 509 4100 Gortynia
532 4025 697 4100 inscriptio
721 4025 836 4102 minor,
861 4027 893 4087 in
918 4043 982 4100 qua
1005 4027 1134 4088 litterae
1155 4029 1186 4086 Η
1206 4028 1241 4086 et
1261 4028 1289 4084 E
1311 4026 1485 4087 distinctae
1497 4027 1584 4102 sunt,

310 4129 407 4188 babet
429 4127 652 4187 subiunctivos
672 4125 768 4204 δείξει,
786 4117 920 4205 aspira,
938 4128 1088 4204 φυτεύσει,
1107 4126 1259 4206 apuliam,
1278 4127 1336 4188 aed
1350 4119 1370 4209 ᾗ
1392 4128 1426 4187 et
1445 4123 1585 4208 ιεθνάιιῃ.

354 4227 495 4288 Tabulae
527 4227 760 4288 Heracleenses
795 4229 950 4290 exhibant
981 4229 1225 4290 subiunciivum
1255 4227 1375 4308 γράψει,
1403 4229 1487 4289 allas
1510 4224 1586 4309 νὲρρ

310 4325 386 4411 φέρῃ
410 4326 488 4409 λάβῃ
511 4328 669 4401 scripturn
693 4331 753 4388 ast.

356 4426 483 4488 Titulus
506 4427 683 4488 Laconicus
706 4427 828 4488 saeculi
852 4419 909 4488 ΙΙΙ1
933 4421 1048 4489 (lauer²
1073 4429 1133 4488 27:
1159 4425 1195 4488 ὄν
1217 4449 1256 4486 ια
1279 4424 1396 4506 γράψει.

345 4691 364 4754 ¹)
383 4693 466 4742 Oanar
483 4687 552 4740 Del.¹
569 4693 626 4754 418,
643 4693 778 4742 lilrolrboii
792 4691 880 4757 alpini
896 4710 923 4760 p.
943 4699 983 4759 ia,
1001 4697 1111 4746 liobsrta
1127 4695 1277 4758 Epigraplry
1293 4707 1319 4757 p.
1338 4695 1393 4742 l‘lll.

344 4769 365 4836 ἵ)
383 4773 466 4821 Oscor
483 4773 541 4832 480,
558 4773 693 4820 Klrclrhoii
707 4787 733 4834 p.
752 4776 792 4836 is,
810 4775 920 4825 Iluberis
937 4790 962 4837 p.
984 4778 1038 4826 ius.

344 4850 365 4912 ’J
383 4854 466 4902 (ltuer
487 4853 544 4914 ius,
562 4853 672 4901 Roboris
688 4867 713 4914 p.
734 4855 780 4902 lili
798 4868 855 4917 sqq.
