3952 5700
349 783 368 852 ὓ
392 785 424 853 6]
965 787 1006 846 29

349 983 409 1028 nec
431 983 495 1028 non
519 966 606 1044 δήιον
628 975 689 1046 πορ
713 969 775 1028 huc
797 968 947 1044 pertinet,
971 969 1000 1029 si
1024 984 1138 1030 verum
1162 969 1319 1042 estquod
1343 968 1461 1030 statuit
1482 969 1618 1032 schulze

350 1069 480 1145 Quaest.
506 1069 561 1144 Ep.
585 1085 615 1144 p.
641 1068 693 1144 86,
719 1084 830 1131 veram
856 1069 995 1130 sormam
1019 1085 1092 1133 esse
1116 1057 1234 1147 tristor,
1257 1070 1320 1131 vid.
1345 1070 1363 1140 5
1389 1071 1439 1131 17.

394 1269 415 1351 ξ
439 1273 472 1338 (i.
506 1275 547 1335 Et
571 1275 650 1336 iraec
680 1274 810 1348 quidem
841 1275 899 1336 aut
928 1275 1040 1350 paucis
1063 1277 1193 1337 tantum
1216 1275 1296 1337 locis
1319 1275 1415 1338 obvia
1437 1275 1515 1336 sunt
1537 1275 1619 1337 vltis

349 1380 492 1438 autnon
516 1378 598 1438 satis
624 1379 763 1440 fortasse
787 1379 907 1453 aperta.
933 1379 1015 1440 Sunt
1040 1395 1115 1440 vero
1139 1379 1204 1441 alia
1225 1379 1334 1454 verba,
1358 1393 1459 1452 eaque
1483 1378 1618 1440 minime

347 1493 430 1554 rara,
459 1479 492 1538 in
523 1478 639 1552 quibus
670 1480 726 1540 vix
757 1480 928 1553 quisquam
961 1480 1108 1542 dubitare
1139 1482 1247 1556 potest
1277 1479 1353 1553 quin
1379 1479 1490 1554 lingua
1513 1479 1617 1541 invita

349 1580 494 1642 vocalem
518 1602 537 1657 η
560 1581 713 1655 praebeat
733 1582 845 1641 textus
864 1581 1019 1655 traditum
1044 1581 1143 1643 rerba
1162 1581 1310 1656 dicimus,
1333 1594 1471 1654 quorum
1491 1579 1618 1653 syllaba

349 1681 483 1742 initialis
506 1686 539 1739 lt-
563 1683 661 1743 metri
683 1697 784 1743 causa
805 1697 862 1757 pro
884 1682 980 1756 longa
1003 1682 1149 1742 habetur.
1174 1681 1208 1742 Ε.
1230 1697 1277 1756 g.:

472 1779 618 1859 ν’ρμοθόενς
641 1797 698 1859 pro
722 1775 875 1859 ἆμοθόεις.
991 1779 1185 1862 ἠγερέθονται
1208 1798 1265 1858 pro
1288 1774 1489 1862 ἇγερέθονταν.

472 1878 606 1958 ἠνομόεος
668 1929 681 1958 ,,
723 1876 864 1958 inspecte.
991 1879 1241 1960 deplicatur„
1283 1874 1466 1959 ἅερὲθονται.

349 1981 436 2056 Quae
467 1981 623 2042 vocabula
654 1982 813 2042 initialem
844 1981 1005 2055 syllabam
1037 1981 1137 2042 nihilo
1169 1982 1347 2056 longiorem
1373 1981 1495 2042 habent
1515 1997 1615 2056 quam

348 2082 399 2141 est
429 2081 534 2156 prima
566 2081 688 2142 vocalis
717 2081 868 2143 adiectivi
891 2077 1044 2153 ἀθάνατος
1073 2083 1205 2143 verbius
1233 2078 1427 2157 ἀπονέεσθαι,
1448 2081 1507 2192 sad
1530 2082 1616 2142 ictus

349 2183 379 2242 vi
402 2181 436 2242 in
459 2183 605 2256 utrisque
629 2179 1007 2257 praecollocatam

391 2282 570 2344 Libidinem
602 2283 701 2358 igitur
732 2282 832 2343 libere
862 2286 1069 2357 grassantem
1101 2285 1153 2344 iric
1183 2298 1313 2346 cernere
1345 2285 1413 2358 est;
1445 2283 1499 2344 lex
1523 2285 1616 2344 extat

346 2384 445 2462 nulla,
473 2385 530 2446 sed
561 2386 683 2446 temere
714 2386 746 2445 et
774 2384 907 2445 fortuito
936 2385 1067 2448 vocales
1096 2408 1115 2444 α
1147 2387 1180 2448 et
1202 2409 1222 2464 η
1245 2385 1426 2459 altemant;
1455 2384 1486 2446 id
1511 2400 1613 2446 unum

346 2485 509 2546 observari
547 2487 664 2561 potest,
702 2485 834 2559 longum
868 2484 965 2561 alplra
995 2487 1185 2561 plerumque
1221 2487 1366 2548 vocalem
1399 2487 1456 2546 aut
1489 2499 1614 2560 praece·

346 2586 476 2648 dentem
500 2588 617 2649 habere
640 2589 698 2649 aut
721 2588 923 2661 sequentem.

390 2791 553 2867 Quomodo
583 2790 682 2866 igitur
711 2792 750 2852 de
774 2788 911 2852 mirifica
934 2790 1004 2864 lrac,
1029 2803 1128 2863 quam
1149 2790 1183 2850 in
1207 2791 1301 2851 textu
1325 2787 1443 2850 tradito
1467 2787 1612 2850 obtinere

346 2894 503 2969 videmus,
538 2894 725 2955 confusione
760 2893 811 2954 est
845 2891 1077 2954 iudicandum?
1112 2891 1215 2953 Nemo
1245 2907 1325 2954 sans
1354 2893 1406 2953 est
1436 2890 1529 2952 irodie
1556 2891 1611 2966 qui

344 3011 418 3057 cum
449 2997 532 3057 Aulo
563 2996 665 3058 Gellio
696 2995 803 3070 iaciat,
827 3010 868 3056 ex
891 2994 1084 3056 auctoritate
1108 2995 1257 3056 veterum
1279 2993 1482 3068 quorundam
1506 3008 1610 3067 gram·

345 3097 537 3157 malleorum
560 3095 745 3166 (Oratstlsli
775 3109 894 3155 arcana
920 3096 1033 3168 poetae
1057 3095 1191 3156 consilia
1214 3097 1247 3156 et
1270 3095 1484 3155 tenerrimum
1508 3095 1611 3169 pulcri

343 3211 474 3256 sensum
500 3197 654 3257 causante
677 3197 714 3255 N.
741 3197 777 3254 Α.
803 3195 882 3255 XIII
902 3197 942 3254 21
963 3196 982 3263 5
1002 3197 1061 3256 25:
1090 3197 1187 3271 „illud
1213 3211 1289 3256 vero
1313 3195 1504 3268 cumprimis
1526 3197 1610 3270 apud

347 3295 544 3370 „Homerum
573 3297 701 3356 veteres
731 3294 936 3368 grammatIci
967 3295 1214 3370 adnotaverunt,
1248 3295 1343 3368 quod,
1375 3309 1452 3355 cum
1475 3297 1613 3357 dixisset

348 3396 503 3470 „quodam
535 3395 567 3454 in
593 3395 662 3456 loco
692 3393 828 3466 scloamir
858 3414 886 3453 τε
914 3393 1015 3473 ψῆράς
1038 3415 1078 3472 νε,
1098 3395 1162 3457 alio
1185 3397 1217 3455 in
1242 3395 1311 3456 loco
1334 3410 1397 3455 non
1421 3406 1530 3476 ψηρῶν
1553 3399 1611 3460 sed

348 3505 472 3578 ,ψαρῶν
495 3498 597 3559 dixit:

563 3609 623 3660 τῶν
646 3595 677 3660 δ’
702 3599 742 3673 ὥς
764 3621 794 3660 τε
815 3607 923 3681 ψαρῶν
946 3597 1038 3676 νέφος
1062 3598 1172 3680 ἔρχεται
1195 3596 1230 3680 ἠὲ
1252 3604 1389 3677 κολοιῶν,

346 3701 497 3776 „secutus
518 3717 581 3762 non
604 3715 812 3764 communem
834 3703 891 3764 sed
915 3702 1076 3777 propriam
1096 3702 1129 3762 in
1152 3715 1278 3776 quoque
1301 3701 1392 3762 vocis
1414 3701 1480 3762 situ
1502 3702 1611 3765 iucun-

344 3801 517 3878 ¹‚ditatsm;
549 3819 627 3864 nam
658 3803 686 3864 si
717 3805 858 3865 aiterum
889 3803 923 3863 in
954 3803 1056 3864 altero
1080 3803 1149 3864 loco
1172 3817 1274 3878 ponas
1297 3804 1472 3877 utrumque
1497 3804 1613 3866 iacens

345 3904 503 3977 „sonitu
494 3905 662 3966 insuaves
689 3905 865 3966 -Veiuti
890 3905 968 3966 eciro
999 3905 1079 3966 iraec
1106 3905 1157 3966 est
1179 3919 1291 3966 eorum
1315 3920 1399 3978 quae
1422 3905 1456 3965 in
1479 3905 1611 3967 scholiis

341 4006 522 4068 Homericis
544 4008 573 4067 V
595 4007 763 4082 leguntur:
791 4010 825 4066 li
847 4008 911 4068 583
935 4010 1047 4086 ψρρος]
1074 4003 1174 4067 διὰ
1146 4028 1179 4068 νο
1202 4005 1383 4082 κακόφωνον
1406 4003 1476 4078 τοὺς
1499 4015 1610 4085 ψᾶρας·

340 4107 402 4170 ἐκεῖ
427 4105 525 4170 ὁε”
485 4135 543 4188 »ως
567 4132 595 4170 τε
619 4112 822 4188 ψαρῶνᾞ-
782 4112 877 4174 -dt
899 4111 1061 4173 adduntur
1084 4111 1243 4186 quaedam
1267 4111 1307 4172 de
1330 4109 1496 4172 doristis-
1483 4100 1613 4195 -ξηρᾶνῃ

213 4266 215 4270 .
340 4215 373 4274 ct
405 4213 543 4299 θερμήνῃ
577 4215 620 4286 (Ψ
643 4211 760 4276 347
732 4235 756 4280 ‚a
781 4217 811 4287 ‘il
842 4215 942 4277 simili
973 4215 1159 4278 discrimine
1189 4214 1357 4293 seiunctis
1386 4228 1468 4288 quae
1501 4216 1612 4275 tamen

339 4317 481 4390 graviter
511 4319 588 4378 sunt
620 4319 779 4394 corrupta,
809 4320 857 4380 ita
888 4320 925 4380 nt
955 4319 1011 4378 vix
1034 4317 1194 4380 traluceat
1224 4317 1397 4379 sententia.
1430 4315 1480 4377 Ad
1504 4316 1610 4376 locum

339 4419 515 4492 gemellum
538 4422 650 4481 autem
672 4422 776 4481 Paos
800 4421 883 4482 redit
906 4419 1206 4481 observatiuncnla:
1227 4423 1346 4500 ψαρῶν]
1368 4415 1419 4478 διὰ
1437 4415 1491 4496 τὴν
1516 4415 1610 4493 εὐφω-

340 4518 416 4578 νίαν·
439 4517 503 4580 ἐκεῖ
520 4516 553 4580 it
579 4521 734 4598 ,κολοιούς
757 4543 786 4582 τε
809 4519 910 4600 ψῆράς
933 4523 995 4583 τε”.
1022 4555 1062 4566 —-

384 4623 650 4698 superstitiosum
685 4624 745 4685 hoc
780 4625 1003 4686 commentum
1035 4623 1206 4685 lromlnum
1241 4622 1327 4684 ultro
1358 4621 1610 4684 caecutientium

339 4725 460 4800 optimo
495 4725 563 4787 iure
594 4742 669 4788 cum
704 4727 760 4788 alil
791 4727 956 4803 aspernati
986 4725 1064 4786 sunt
1094 4727 1166 4786 tum
1198 4725 1236 4786 R.
1270 4725 1378 4799 Payne
1405 4722 1528 4797 Kniglrt
1559 4725 1611 4795 (ad

341 4827 367 4884 P
386 4828 470 4904 755),
494 4829 549 4901 qui
575 4829 677 4903 „hanc
696 4829 922 4889 diversitatem
941 4843 1005 4889 non
1024 4827 1154 4888 aliunde
1172 4826 1351 4902 profectam
1371 4825 1464 4886 esse”
1489 4824 1612 4885 iudicat

343 4941 459 5001 „quam
479 4943 496 4988 e
516 4929 654 4990 diversis
674 4945 711 4990 ac
732 4929 874 4990 fortuItis
895 4929 1096 4989 diversorum
1110 4927 1342 5003 rhapsodorum
1356 4925 1461 4990 modis
1473 4940 1608 5000 pronun-
