3880 5678
988 737 1049 800 148
1551 741 1581 811 [ἓ
1604 738 1647 800 40

383 949 440 1008 pro
472 930 580 1008 fciunt,
612 927 682 1002 ἔπος
715 945 773 1006 pro
803 925 906 1006 ἱὲπος,
937 945 975 990 ea
1006 929 1189 990 certissima
1219 928 1368 990 ducimus
1399 931 1510 990 textus
1539 929 1646 991 vitiati

383 1035 515 1110 indicia;
550 1035 583 1095 et
612 1047 807 1107 quamquam
837 1032 877 1092 ab
904 1031 1062 1092 eiusmodi
1093 1030 1173 1090 locis
1197 1027 1406 1090 abstinendae
1429 1032 1506 1091 sunt
1528 1045 1646 1090 munus

382 1136 446 1196 nisi
476 1136 563 1195 certa
593 1133 776 1195 emendatio
806 1131 939 1206 proferri
970 1132 1077 1206 queat,
1108 1145 1172 1190 non
1203 1132 1314 1190 tamen
1345 1131 1512 1205 prudentis
1543 1131 1645 1191 critici

382 1251 454 1295 esse
477 1248 648 1295 censemus
671 1233 741 1293 sine
764 1233 946 1306 suspicione
969 1247 1024 1292 eos
1047 1231 1217 1291 dimittere.

426 1332 648 1407 compluribus
682 1333 792 1391 autem
829 1329 993 1391 vocabulis
1024 1331 1188 1403 digamma
1217 1331 1326 1404 potest
1355 1330 1444 1390 reddi
1474 1331 1545 1392 sine
1578 1330 1645 1390 ulla

381 1436 492 1494 textus
515 1432 626 1493 traditi
648 1431 828 1492 mutatione
842 1424 880 1500 ¹):
901 1427 986 1510 Ηαρ,
1003 1428 1140 1510 luparie,
1157 1429 1249 1507 lippe,
1267 1426 1366 1506 Ητης,
1383 1429 1521 1510 innupte,
1538 1427 1646 1508 lippe,

380 1530 534 1613 ftcnspop,
566 1530 691 1609 livoni,
723 1530 803 1608 Ηον,
835 1529 1005 1607 fusionem
1042 1531 1105 1591 alia
1138 1532 1213 1605 post
1242 1530 1332 1591 leves
1362 1532 1507 1604 satisque
1538 1533 1643 1592 certas

380 1649 555 1710 paucomm
586 1633 729 1693 locorum
760 1629 1029 1691 correctlunculns
1059 1645 1116 1704 per
1146 1632 1252 1690 totum
1276 1630 1454 1691 Homerum
1479 1631 1644 1705 digamma

381 1748 478 1794 suum
507 1731 716 1805 recuperant:
745 1727 879 1809 foiyvnpt
905 1727 1004 1802 ,Ράναξ
1030 1728 1168 1788 sevadae
1197 1727 1341 1788 savione
1363 1728 1451 1800 felic
1473 1729 1570 1789 fodru
1592 1730 1643 1790 foc

381 1832 495 1908 Ηθνος
517 1834 626 1913 ineos.

896 1983 1114 1993 ——n—

425 2123 488 2186 Gur
518 2124 616 2198 igitur
644 2136 785 2183 consona
815 2119 880 2198 ills,
913 2135 1011 2195 quam
1033 2122 1201 2196 poetarum
1226 2135 1305 2181 aevo
1329 2120 1361 2180 in
1386 2119 1514 2181 illorum
1538 2122 1643 2195 patria

381 2227 524 2300 viguisse
546 2226 616 2299 ipsa
640 2224 784 2285 carmina
805 2223 977 2284 Homerica
1000 2221 1178 2283 luculenter
1201 2223 1325 2298 docent,
1353 2237 1417 2282 uon
1441 2223 1582 2284 cernitur
1610 2225 1642 2284 in

380 2330 473 2388 textu
497 2341 593 2399 quem
617 2325 772 2385 traditum
796 2325 1002 2398 accepimus?
1026 2323 1075 2383 Ad
1098 2325 1181 2384 hanc
1204 2324 1427 2396 quaestionem
1451 2339 1641 2398 responsum

380 2426 519 2502 simplex
553 2427 586 2486 et
619 2426 767 2498 apertum
801 2439 875 2484 cum
913 2424 1013 2484 velles
1047 2424 1115 2483 dari
1149 2437 1253 2499 posse,
1289 2425 1446 2485 hacteuus
1480 2424 1547 2484 dari
1579 2439 1642 2483 non

378 2528 484 2602 potuit
512 2539 658 2598 nequeo
680 2525 773 2584 nobis
795 2526 847 2584 est
870 2524 1114 2598 expectandum.
1139 2523 1225 2599 Quae
1249 2526 1358 2586 tamen
1389 2525 1488 2584 verba
1509 2539 1573 2585 non
1596 2525 1642 2583 ita

379 2626 563 2702 accipienda
593 2626 670 2685 sunt
699 2624 792 2696 quasi
823 2639 892 2684 rem
920 2623 1094 2684 admodum
1125 2624 1243 2684 miram
1274 2625 1432 2685 ducamus
1454 2625 1641 2696 nullamque

379 2729 449 2789 eius
480 2741 612 2788 causam
636 2725 783 2786 idoneam
808 2725 990 2798 excogitare
1012 2725 1186 2800 possimus,
1210 2725 1266 2785 sed
1290 2726 1350 2786 hoc
1378 2726 1532 2786 dicimus:
1557 2725 1641 2784 inter

284 2843 286 2847 ·
380 2830 460 2890 duas
490 2842 616 2902 causas,
647 2840 785 2899 quarum
814 2826 940 2886 utravis
966 2825 1097 2886 adrem
1121 2825 1344 2900 explicandam
1368 2826 1518 2900 sufficiat,
1545 2825 1643 2886 nimis

379 2931 536 2990 incertam
556 2927 658 2988 videri
680 2926 852 3001 optionem.
873 2925 995 3001 Nempe
1014 2926 1164 2986 credibile
1184 2929 1235 2986 est
1254 2927 1399 2986 carmina
1417 2926 1596 3001 epicaolim
1609 2927 1642 2985 in

379 3032 546 3092 cantorum
570 3029 699 3089 tantum
722 3043 776 3088 ors
799 3027 931 3103 vixisse,
954 3026 1072 3088 litteris
1091 3030 1201 3088 eutem
1221 3027 1253 3086 iu
1266 3029 1356 3087 Ionia
1367 3027 1484 3088 alibive
1496 3027 1643 3088 mandari

379 3149 416 3194 eo
435 3132 568 3193 demum
587 3132 731 3204 tempore
750 3131 863 3204 coepta
881 3143 953 3188 esse
974 3143 1036 3201 quo
1057 3142 1196 3188 consona
1208 3143 1270 3188 vau
1284 3144 1325 3188 ex
1337 3128 1643 3202 linguaquotidiana

379 3234 444 3295 illlc
474 3233 662 3295 evanuisset
691 3247 794 3306 neque
825 3246 921 3292 suum
945 3231 1043 3305 igitur
1066 3232 1199 3291 bethorot
1221 3231 1349 3305 signum
1374 3232 1458 3292 iuter
1480 3231 1641 3292 olomcntu

378 3335 495 3408 quibus
524 3335 672 3395 homines
702 3334 734 3393 in
764 3348 804 3393 ea
834 3332 962 3407 regione
996 3332 1045 3392 uti
1074 3331 1221 3393 solebant
1244 3327 1276 3402 ²).
1302 3335 1346 3393 At
1369 3349 1432 3394 uon
1456 3334 1565 3395 minus
1589 3336 1641 3394 est

378 3434 527 3498 credibile
559 3436 592 3496 in
622 3433 858 3508 antiquissimis
887 3434 1068 3494 carminum
1099 3434 1260 3510 epicorum
1292 3435 1532 3510 exemplaribus
1557 3436 1639 3497 litte·

378 3553 448 3599 ram
479 3537 645 3612 digamma
672 3537 795 3612 passim
825 3551 921 3596 suum
953 3537 1059 3597 locum
1091 3537 1278 3614 obtinuisse,
1307 3538 1362 3598 sed
1386 3538 1545 3599 omissam
1569 3553 1641 3599 esse

413 3788 431 3852 ¹)
449 3792 617 3840 Mantalioucm
635 3808 685 3841 nou
703 3793 812 3842 elicimus
830 3807 889 3841 cnm
907 3793 1034 3841 omittitur
1051 3809 1065 3840 n
1083 3793 1171 3842 critico
1189 3794 1311 3842 hodierno
1329 3796 1414 3844 litium
1432 3797 1533 3844 calcabilis
1551 3798 1575 3844 iu
1591 3797 1640 3844 llrio

376 3872 494 3919 vocabuli
520 3872 705 3932 praecedentis.
729 3874 865 3921 contendit
888 3874 991 3934 quidam
1006 3874 1128 3921 Ludwioh
1145 3875 1283 3922 Aristoteli.
1302 3876 1326 3921 Il
1344 3890 1368 3937 p.
1389 3877 1498 3924 lit-28³
1517 3893 1549 3924 rio
1567 3893 1639 3938 puric-

376 3953 495 4010 gogicum
513 3951 617 4010 quidem
635 3971 659 3997 -v
676 3953 731 3998 sins
749 3953 893 4000 temeritate
911 3965 986 4012 posse
1004 3950 1084 3999 deleri
1101 3955 1130 3999 ut
1149 3953 1279 4011 digamma
1298 3955 1415 4013 sequenti
1438 3957 1493 4002 voci
1517 3957 1639 4016 praeliga-

378 4033 429 4076 tur:
449 4031 551 4086 „meins
569 4030 690 4088 Moinunp
706 4029 818 4088 grundul
834 4031 890 4076 sich
907 4031 1032 4078 nutriebat
1048 4031 1095 4077 aui
1109 4029 1150 4077 die
1169 4031 1325 4088 ucilcugbara
1343 4033 1495 4094 'l'imtsucho‚
1517 4035 1577 4082 dass
1594 4037 1640 4082 dns

377 4107 577 4168 „parsgoplsohe
603 4127 615 4154 ν
640 4108 686 4154 der
710 4108 887 4165 griechischen
910 4109 1022 4168 Sprschs
1045 4108 1111 4154 noch
1135 4109 1314 4169 vetellensis
1339 4110 1385 4156 dns
1402 4111 1537 4170 Digammn
1555 4113 1640 4172 liingst

377 4189 602 4244 ,untergegnngen
620 4199 681 4232 war:
701 4185 807 4244 iolglich
824 4199 895 4232 muse
912 4185 996 4233 disses
1013 4199 1062 4233 von
1079 4199 1142 4232 voru
1159 4188 1247 4233 heroln
1265 4187 1415 4246 lariiillgsror
1429 4191 1510 4236 Nutur
1523 4204 1639 4249 gewasou

377 4264 447 4318 ‚sein
466 4263 505 4309 als
521 4261 612 4321 lenes¹⁹
634 4265 668 4323 (p.
679 4263 746 4323 lib),
764 4264 809 4309 sed
827 4277 901 4310 nemo
920 4277 970 4310 nou
992 4263 1062 4312 videt
1080 4278 1129 4311 non
1144 4278 1220 4325 possa
1237 4265 1272 4312 itu
1290 4267 1356 4312 iuter
1371 4281 1399 4313 so
1417 4271 1558 4329 comparari
1575 4269 1640 4316 dnos

375 4355 452 4389 sonos
469 4341 661 4403 dissimillimos,
679 4355 788 4402 quorum
806 4342 871 4390 alter
887 4344 1028 4391 dominium
1046 4345 1125 4392 babet
1142 4345 1212 4405 quod
1232 4347 1327 4393 sensim
1350 4347 1483 4406 analogiae
1499 4351 1525 4394 et
1541 4348 1638 4408 eupho-

375 4421 432 4466 niae
453 4420 540 4466 studio
563 4424 696 4468 exmnsum
719 4425 746 4468 st
762 4435 819 4468 sero
836 4423 940 4469 domum
957 4424 1034 4470 certis
1051 4423 1151 4482 legibus
1169 4424 1319 4470 adstrictum
1343 4428 1391 4482 sst,
1408 4426 1474 4472 alter
1491 4428 1554 4486 ipsis
1571 4427 1637 4474 radi-

375 4497 448 4545 cibus
472 4497 608 4546 verborum
634 4499 693 4546 luds
718 4500 751 4547 sb
776 4501 873 4559 origiue
899 4501 1034 4548 inhaerens
1057 4501 1180 4562 paulatim
1204 4503 1314 4560 everrant,
1341 4517 1398 4550 oum
1424 4505 1579 4554 Graecorum
1600 4507 1636 4552 orl

374 4577 459 4624 miuus
476 4575 615 4625 sddioeret.
636 4579 723 4626 Robur
740 4580 862 4626 utriusvis
879 4579 979 4627 litterae
998 4605 1027 4614 —
1047 4581 1069 4626 si
1087 4580 1119 4628 ds
1137 4581 1236 4638 robore,
1259 4595 1309 4628 nou
1327 4583 1358 4628 do
1376 4583 1440 4644 iure,
1458 4583 1636 4643 lrrqirirsnduru

374 4657 414 4701 set
436 4658 481 4702 nat
502 4669 561 4702 oum
584 4658 774 4716 'l'hrssymacho
797 4659 927 4706 credimus
949 4659 990 4705 ius
1009 4672 1066 4706 esse
1084 4661 1110 4706 cb
1127 4667 1169 4706 cot
1186 4666 1314 4724 apulum,-
1330 4660 1445 4726 Ξυμφόροι
1463 4687 1492 4695 -
1511 4664 1570 4709 hinc
1587 4676 1636 4708 non

374 4731 549 4791 cognoscitun
574 4735 600 4781 ln
626 4735 738 4783 Homero
763 4738 849 4783 aulem
875 4749 952 4796 quam
979 4738 1098 4794 exignum
1127 4737 1161 4784 alt
1186 4738 1263 4785 robur
1288 4741 1455 4799 paragoglcae
1481 4740 1581 4787 litteras
1608 4759 1638 4796 -ν,

373 4812 466 4860 docent
482 4813 531 4860 lcol
549 4814 593 4861 ubl
611 4815 649 4876 σφ’
668 4815 708 4863 vel
726 4815 826 4882 pulpum·
845 4829 892 4876 pro
908 4831 964 4876 σφιν
982 4817 1022 4862 vel
1041 4819 1158 4882 χιίρισσυ
1175 4818 1308 4877 reperitur.

406 4888 426 4952 ’J
444 4893 486 4941 sto
503 4893 599 4942 ludloat
616 4908 638 4942 s.
656 4908 680 4954 g.
699 4895 785 4942 Christ
802 4895 901 4954 Proleg.
920 4893 994 4942 lliud.
1013 4909 1037 4955 p.
1057 4897 1112 4942 rol.
