4100 5724
990 635 1054 696 414
1436 634 1564 711 [5172
1591 637 1652 696 173

389 822 419 878 A
451 821 514 882 582
546 825 570 880 r
596 823 638 884 ss
668 825 778 900 1225,
811 827 885 901 aen,
910 826 985 902 aco,
1009 826 1112 903 4222
1141 826 1206 886 eoo
1228 825 1259 886 e.
1285 825 1353 886 cer.
1378 827 1408 886 e.
1436 857 1476 869 -
1500 824 1654 886 decenus

389 922 538 984 ridentur
559 920 725 987 ἀκοαίκυοο
746 931 775 986 A
799 928 863 988 275
887 929 920 988 et
949 923 1154 988 depulsorem
1178 929 1207 986 A
1230 928 1295 988 230
1319 927 1378 1004 (sic
1404 927 1509 988 Nabar
1531 927 1651 1002 Nauck,

388 1039 467 1085 mee.
487 1021 628 1105 ἀποαίρεο
648 1029 682 1088 ei
709 1025 942 1108 ἀποαιρεῖσθαι).
958 1063 998 1072 -
1015 1028 1138 1091 Adiect.
1159 1027 1288 1090 verbale
1307 1026 1417 1101 ἔξοινος
1438 1024 1482 1107 (=
1494 1021 1651 1109 ἐξαίρετος)

389 1129 427 1186 Μ
449 1129 514 1188 320
536 1129 556 1208 β
579 1130 642 1191 307
666 1151 680 1190 ε
706 1132 767 1192 102
791 1152 806 1190 τ
829 1133 903 1193 866.
929 1128 1119 1192 Hirtuleio
1142 1131 1213 1192 eive
1236 1129 1334 1202 αἰτίζω
1358 1131 1491 1192 ductum
1518 1134 1577 1193 eet.

430 1227 603 1305 Digammu
625 1231 704 1292 olim
736 1231 828 1308 stirpi
850 1231 1031 1308 praefixum
1052 1232 1152 1294 luisse
1176 1233 1317 1294 testatur
1340 1233 1557 1310 compositum
1579 1229 1653 1293 ἀκο-

385 1328 519 1408 κίνυμαι,
549 1332 641 1393 cuius
671 1333 865 1409 praepositio
893 1332 1053 1408 plerisque
1077 1332 1157 1394 iocis
1179 1349 1242 1395 non
1265 1335 1405 1397 eliditur.
1429 1335 1520 1396 Aeso
1542 1336 1652 1396 tamen

386 1431 558 1493 Homerico
581 1433 634 1494 hic
655 1448 755 1494 sonus
777 1435 963 1495 evanuerat

430 1627 452 1710 fi
475 1629 544 1698 17⁸2.
567 1631 621 1712 (κο)
645 1635 776 1694 moveri:
797 1627 930 1694 ’devm
955 1629 1126 1713 (φάλαγγες)
1153 1637 1180 1693 Δ
1204 1635 1280 1711 281,
1301 1636 1376 1713 332,
1399 1635 1474 1710 427,
1497 1631 1653 1711 κῑνῦμενος

387 1735 414 1791 1(
440 1734 505 1794 280
528 1731 639 1798 elle
662 1756 681 1794 κ
704 1737 779 1812 558,
803 1749 868 1796 aor.
894 1734 925 1794 11
948 1731 1029 1793 ἕκτον
1053 1733 1083 1810 (fi
1110 1732 1197 1812 142⁸)
1228 1735 1262 1796 et
1285 1731 1486 1812 (prolataeve
1510 1734 1542 1812 (8
1567 1735 1652 1814 151).

431 1834 621 1897 Deriratum
651 1837 703 1896 est
732 1831 820 1895 κινέο
851 1835 921 1910 deo,
946 1835 1038 1894 culus
1070 1836 1159 1896 verbi
1185 1835 1275 1897 solus
1298 1837 1441 1898 aoristus
1464 1833 1598 1914 (ἐκίνηοκ
1620 1838 1654 1898 et

387 1933 544 2014 ἐκινήθην)
567 1936 651 2012 apud
675 1936 855 1997 Homerum
877 1935 1043 2011 reperitur.

431 2036 524 2111 Apud
557 2037 752 2098 recentiores
782 2037 894 2111 poetas
926 2037 1056 2111 tempus
1079 2037 1291 2112 praeteritum
1318 2034 1398 2096 ἔκιον
1420 2039 1542 2115 peperit
1565 2053 1651 2114 prae-

388 2151 465 2197 sens
486 2135 541 2197 κίω
563 2153 606 2216 eo,
633 2135 655 2217 Ι)
680 2137 953 2212 quemadmodum
977 2152 1018 2198 ex
1040 2137 1161 2198 aorlsto
1187 2135 1292 2198 ἔκλυον
1317 2139 1434 2214 prodiit
1456 2140 1653 2215 tragicorum

390 2237 525 2302 verbum
547 2237 627 2300 κλύω
651 2236 683 2318 (e
710 2237 809 2318 149⁸).

434 2438 456 2520 ᾖ
482 2439 550 2507 iil.
586 2442 787 2505 Coniunctirn
808 2443 977 2506 indicanda
998 2447 1076 2505 sunt
1099 2444 1195 2504 verba
1214 2444 1377 2521 nonnulla,
1398 2460 1535 2518 utrorum
1555 2445 1654 2520 stirps

391 2545 550 2611 clauditur
583 2547 779 2621 diphthongo
812 2568 851 2606 uu
886 2546 938 2606 vel
972 2567 1014 2607 ευ.
1046 2547 1083 2607 ln
1113 2547 1165 2607 his
1197 2548 1361 2623 complura
1395 2549 1482 2623 sunt,
1513 2563 1595 2621 qliae
1622 2549 1654 2608 in

389 2649 551 2723 praesenti
580 2664 698 2711 sonum
729 2647 780 2726 νυ)
811 2646 963 2723 adiciunt,
986 2649 1047 2709 vid.
1075 2646 1095 2723 8
1120 2648 1193 2724 141,
1225 2650 1271 2708 lta
1293 2651 1331 2709 nt
1353 2663 1506 2724 praesens
1530 2649 1561 2708 in
1585 2647 1655 2709 ule

390 2749 441 2810 vsi
475 2749 539 2810 -είο
584 2749 728 2826 desinnt;
776 2749 990 2826 penultimam
1035 2750 1206 2811 verborum
1255 2751 1287 2812 in
1331 2749 1395 2811 -rlo
1437 2751 1652 2812 desinentium

389 2852 533 2928 potuisse
564 2851 689 2929 corripi,
724 2867 765 2914 ex
796 2853 837 2914 iis
866 2866 948 2926 ques
978 2853 1010 2914 iu
1042 2853 1125 2922 817
1149 2852 1388 2929 disputavimus
1411 2855 1552 2929 apparet.
1578 2853 1652 2915 tlon·

388 2954 463 3016 terri
486 2955 623 3029 possunt
649 2955 747 3018 verba
770 2954 920 3017 bliormia
941 2955 1035 3030 quale
1058 2958 1110 3016 est
1132 2952 1354 3032 erveta-oute,
1377 2956 1416 3017 de
1446 2956 1562 3029 uiribus
1590 2957 1653 3017 vid.

387 3053 495 3132 §144
517 3070 589 3131 pag.
615 3056 688 3117 858.

431 3155 619 3216 Praesentia
640 3157 761 3232 autem,
784 3155 892 3230 qualia
914 3158 992 3217 sunt
1013 3154 1104 3216 κλαίω
1126 3155 1203 3233 gele,
1221 3156 1396 3230 quominus
1414 3157 1461 3216 ita
1480 3157 1560 3216 nate
1579 3172 1653 3217 esse

386 3254 543 3330 dicamus,
577 3257 615 3314 ut
648 3255 816 3316 evanuerit
849 3270 949 3316 sonus
983 3252 1050 3333 vif)
1086 3255 1171 3315 inter
1201 3255 1283 3314 duss
1314 3255 1442 3315 vocales
1465 3255 1651 3330 collocatus,

386 3369 460 3414 oum
479 3354 630 3428 primitus
649 3354 767 3414 miscet
785 3353 899 3414 elafio
919 3354 1018 3432 prela,
1037 3354 1225 3415 dehortatur
1243 3353 1367 3414 indoles
1385 3353 1513 3428 linguae
1525 3355 1651 3429 opicae,

385 3454 433 3513 sie
455 3454 542 3514 enim
566 3456 674 3515 aetate
697 3453 869 3515 Homerios
893 3454 1014 3516 vocalis
1046 3476 1056 3513 ι
1080 3469 1155 3514 curn
1186 3453 1297 3528 stirpis
1328 3469 1407 3514 senc
1442 3477 1461 3512 α
1486 3453 1538 3514 νο]
1562 3473 1575 3512 ε
1598 3454 1654 3514 vix

385 3555 544 3630 potuisset
562 3555 722 3617 continere
746 3551 798 3634 (cl.
821 3553 842 3631 8
863 3554 905 3633 t),
929 3554 986 3616 sod
1013 3555 1114 3631 κκοΐω,
1137 3554 1220 3627 quod
1240 3553 1410 3615 Aeolicum
1431 3554 1531 3615 luisse
1552 3554 1652 3629 periri·

385 3654 439 3716 bet
462 3655 634 3729 Gregorius
663 3655 845 3716 Corinthius
877 3673 907 3730 p.
933 3655 996 3716 583
1019 3655 1161 3730 Sohhisr,
1192 3655 1468 3730 pronunciandum
1495 3655 1594 3730 ioret;
1619 3657 1654 3716 st

383 3755 515 3817 obstant
545 3756 605 3816 loci
640 3756 753 3832 crebri,
784 3755 838 3815 uhi
869 3757 1085 3832 diphthongus
1107 3777 1138 3814 αι
1161 3755 1194 3816 in
1218 3756 1283 3815 arsi
1307 3757 1359 3816 est
1383 3755 1549 3816 collocata.
1573 3754 1652 3831 Qua·

384 3857 511 3931 propter
534 3856 672 3917 fortasse
694 3857 878 3932 suspicetur
899 3857 1063 3932 quispiam
1086 3856 1225 3918 alteram
1245 3855 1346 3916 fuisse
1367 3857 1483 3917 harum
1503 3856 1652 3931 stirpium

383 3959 522 4020 sormam
546 3974 625 4020 sono
647 3955 715 4038 eil)
740 3959 906 4020 carentem
927 3980 966 4038 γα
994 3958 1032 4019 eu
1055 3980 1093 4018 κα
1115 3962 1182 4036 alu,
1204 3957 1278 4019 hinc
1294 3958 1452 4032 prognata
1474 3972 1546 4018 esse
1565 3957 1652 4036 yet-lu

383 4048 514 4140 γεῆνυμαι
540 4059 653 4140 putitio,
683 4060 782 4138 ‹lu-lor,
810 4060 898 4121 tro-lor
930 4050 1031 4140 induo,
1051 4060 1174 4136 κλα-ίκος
1211 4059 1347 4122 alteram
1371 4076 1457 4138 vero,
1482 4074 1561 4122 eollo
1585 4055 1652 4138 off)

384 4164 525 4240 euclem,
544 4164 707 4239 peperisse
727 4179 823 4225 voees
841 4171 951 4244 γαῦρος
973 4165 1093 4238 gaudee
1110 4159 1257 4241 ὄὲδαυμαι
1269 4169 1369 4240 καῦμα
1381 4160 1475 4240 ἔκηὶα
1488 4161 1652 4239 κλαυθμός.

383 4265 454 4326 Non
476 4267 587 4326 tamen
611 4265 725 4326 eudem
749 4266 873 4326 ratione
896 4263 1048 4338 explicari
1071 4267 1207 4340 possunt
1229 4263 1411 4338 praesentis
1434 4279 1517 4337 quae
1537 4264 1569 4324 in
1589 4262 1652 4322 -alu

385 4369 522 4443 exeunt;
552 4382 630 4429 nam
657 4383 674 4428 e
698 4367 797 4442 stirpe
820 4366 1048 4426 illustro-utel
1072 4365 1123 4428 vel
1146 4367 1402 4443 uoculae-ervei,
1428 4367 1520 4427 culus
1544 4365 1653 4426 littera

385 4469 498 4529 anihil
522 4471 573 4530 est
594 4467 658 4530 nlsi
681 4466 915 4529 adminiculum
946 4468 1135 4545 graphicum
1159 4468 1199 4530 ad
1222 4467 1427 4529 indicandum
1447 4481 1563 4528 sonum
1586 4480 1652 4527 arn·

384 4569 529 4648 pliorem,
560 4571 650 4633 nasci
681 4585 745 4632 nou
775 4569 919 4648 potuisse
941 4586 1060 4633 novam
1084 4571 1220 4647 stirpem
1243 4572 1292 4630 ala
1318 4569 1367 4632 vel
1391 4589 1446 4630 πνε
1469 4583 1565 4632 nemo
1588 4582 1651 4630 non

421 4786 440 4854 ¹)
457 4789 512 4838 vid.
530 4791 622 4839 Aesoh.
641 4791 755 4854 (lhoeph.
773 4793 830 4855 888,
848 4795 999 4842 Antoreont
1019 4795 1051 4842 ir.
1069 4788 1133 4858 40),
1153 4803 1232 4854 snpra
1249 4791 1264 4851 8
1283 4788 1351 4841 142⁸.
