3848 5688
968 685 1009 745 58
1539 682 1568 752 [5
1594 682 1633 741 12

365 873 508 948 epitheta
531 870 662 951 μώνυχες
687 871 805 950 (ἵπποι),
826 873 858 934 id
883 874 934 933 sat
953 869 1153 952 μουνώνυγες,
1172 874 1206 933 θλ
1223 869 1410 949 cessassetis,
1428 870 1459 932 td
1480 872 1632 932 θθλκελαι-

364 974 503 1052 νονεφής.
523 974 726 1051 Quamquam
746 976 918 1049 utramque
937 975 1184 1049 originationem
1212 975 1272 1034 viri
1293 975 1377 1036 docti
1396 973 1632 1035 addubiterunt.

365 1077 406 1136 Et
438 1079 590 1151 suspects
619 1092 698 1137 sans
728 1078 779 1137 est
809 1077 896 1150 longi
923 1077 994 1138 soni
1018 1098 1054 1138 on
1078 1077 1263 1152 suppressio
1287 1077 1319 1136 in
1344 1091 1422 1138 voce
1445 1075 1634 1153 μουνώνυχες

366 1181 454 1249 (nam
488 1177 614 1238 brevior
648 1177 799 1239 adiectiri
831 1179 935 1240 forma
957 1176 1049 1256 μόνος
1073 1179 1129 1238 vix
1161 1179 1212 1239 est
1234 1176 1417 1254 Homerica,
1442 1177 1505 1238 vid.
1528 1178 1547 1246 5
1570 1177 1633 1252 38),

365 1293 464 1351 qnare
494 1294 559 1340 non
590 1279 738 1357 displicet
768 1279 948 1341 Doederlini
976 1280 1169 1356 coniectura,
1194 1294 1235 1340 ox
1258 1275 1407 1358 όμώνοχες
1430 1295 1504 1340 esse
1526 1282 1634 1341 ortum

365 1381 424 1441 hoc
448 1381 664 1460 adiectivum;
689 1383 727 1444 de
751 1382 909 1444 Saussure
932 1385 1043 1444 arctam
1068 1381 1299 1456 Wackernagel
1320 1381 1356 1444 G.
1378 1382 1497 1456 Meyer¹
1517 1398 1547 1458 p.
1572 1382 1633 1442 184

365 1483 420 1543 alii
453 1485 570 1560 putant
599 1484 677 1545 olim
710 1485 811 1546 fuisse
842 1484 960 1562 σμῶνοξ
992 1486 1012 1547 i.
1037 1501 1064 1548 e.
1089 1485 1259 1562 step-nvo}
1289 1485 1339 1556 (cf.
1371 1486 1389 1555 5
1420 1486 1485 1562 ol),
1525 1485 1635 1562 „indes

368 1601 444 1660 „zur
466 1585 690 1659 Bezeichnung
713 1587 770 1648 der
792 1587 920 1647 Einhsit
941 1588 1030 1648 dient
1052 1588 1085 1648 in
1110 1587 1241 1650 solctren
1260 1587 1526 1661 Kompositionen
1545 1587 1635 1646 nicht

369 1685 492 1760 „dieser
524 1685 652 1746 Stamm
682 1686 821 1747 sondern
852 1685 964 1764 μόνος·
1001 1688 1251 1758 (KuhnerBlsss
1281 1689 1296 1748 Ι
1327 1702 1357 1762 p.
1382 1687 1467 1758 285).
1499 1688 1634 1747 Temere

365 1799 441 1846 vero
475 1786 607 1860 negavit
637 1785 840 1848 Herodianus
864 1788 896 1847 in
922 1803 1000 1849 voce
1022 1789 1199 1866 κελαινεφής
1222 1804 1384 1864 syncopen
1407 1803 1490 1864 esse,
1515 1804 1536 1848 a
1558 1787 1635 1865 φάος

366 1888 516 1962 repetens
538 1887 617 1964 ipse,
643 1887 705 1948 vid.
730 1888 838 1962 atym.
863 1889 902 1949 11.
929 1891 1004 1966 502,
1027 1891 1046 1950 2
1070 1890 1214 1964 (ebeling
1239 1891 1346 1951 Lexic.
1371 1905 1398 1951 s.
1427 1893 1479 1960 1.).

410 1989 517 2050 Etiam
549 1987 684 2068 sceterata,
714 1991 746 2053 id
770 1992 821 2051 est
843 1989 1008 2070 τετρόπεζο,
1030 1994 1093 2053 huc
1120 1993 1270 2069 pertinet,
1297 1993 1441 2066 itemque
1464 1988 1636 2070 ορΰφόλειο,

365 2092 394 2151 si
417 2091 547 2164 quidem
570 2092 631 2153 hoc
653 2105 771 2152 nornen
794 2093 881 2153 idem
906 2094 988 2168 qnod
1013 2092 1194 2173 τετράφαλον
1226 2095 1275 2164 (Μ
1301 2093 1364 2153 384
1390 2095 1421 2152 Χ
1441 2096 1516 2164 315)
1540 2092 1634 2166 signi·

366 2190 462 2252 ficare
494 2192 555 2253 vtri
585 2193 670 2254 docti
697 2193 766 2253 iure
789 2196 975 2255 statuerunt
1000 2187 1030 2271 ¹),
1055 2196 1119 2257 vid.
1147 2195 1264 2269 Helbig
1288 2196 1375 2256 nom.
1399 2194 1482 2270 iipos
1504 2211 1534 2269 p.
1559 2196 1633 2269 2011,

367 2293 553 2366 Bragmann
588 2291 640 2352 Gr.
676 2291 820 2354 Gramm.
856 2297 949 2363 559.
981 2295 1047 2357 Nec
1077 2311 1141 2356 non
1168 2295 1365 2356 adiectivum
1389 2293 1542 2374 θόροόοος
1565 2295 1635 2354 iure

368 2393 429 2452 huc
449 2391 614 2452 rettulisse
638 2391 765 2453 videtur
787 2394 821 2456 L.
846 2395 964 2471 Meyer,
988 2411 1008 2456 e
1030 2393 1220 2474 θοροόσυνος
1245 2397 1404 2470 repetens.

411 2490 529 2554 Contra
558 2493 591 2554 in
616 2493 796 2557 Homericis
818 2495 936 2559 dicitur
958 2493 1159 2579 ἀμφιφορεύς,
1181 2497 1235 2572 qui
1259 2497 1342 2572 apud
1370 2498 1516 2572 posteros
1537 2491 1633 2573 ἀμφο-

366 2596 435 2676 peda
458 2596 559 2674 audit,
583 2598 745 2674 ampicoru.

409 2697 506 2760 Nulla
540 2701 592 2760 est
625 2715 765 2777 syncope
795 2702 828 2762 in
859 2704 989 2766 nomine
1019 2703 1154 2765 obscuro
1187 2697 1317 2763 Μολίονε
1341 2705 1371 2760 Λ
1397 2702 1471 2778 709,
1496 2701 1569 2776 150,
1594 2700 1633 2760 de

364 2815 427 2874 quo
452 2801 511 2862 hoc
534 2815 636 2862 unum
659 2805 784 2865 certum
809 2806 869 2882 est,
894 2821 958 2867 non
981 2807 1081 2868 fuisse
1101 2805 1179 2866 olim
1208 2803 1390 2864 Μολιονλονε
1411 2803 1442 2864 id
1463 2805 1514 2864 est
1533 2801 1630 2862 titutio-

364 2919 417 2963 nes
437 2902 525 2978 fitius,
549 2917 625 2964 num
650 2905 766 2966 matris
790 2907 920 2968 nomine
943 2909 976 2969 in
999 2909 1137 2968 dictione
1168 2908 1258 2982 epioe
1281 2906 1364 2966 tilios
1387 2920 1450 2965 non
1473 2904 1633 2978 designari

363 3017 439 3063 vere
471 3004 656 3064 observavit
686 3007 911 3082 Aristarchum
936 3009 998 3070 vid.
1023 3009 1225 3069 Aristonicus
1252 3009 1291 3068 ad
1318 3008 1491 3079 utrumque
1515 3004 1631 3065 locum.

364 3103 474 3177 Neque
509 3119 622 3166 vocem
656 3104 778 3180 αἰπόλος
813 3124 854 3169 ex
885 3108 1059 3188 αἰγ(ι)πόλος
1090 3112 1290 3171 contractem
1314 3123 1387 3169 esse
1410 3107 1467 3168 sed
1490 3122 1510 3166 a
1533 3107 1632 3180 stirpe

362 3199 552 3264 ἀόλ-εόόι-
576 3205 707 3268 ductam
731 3223 805 3270 esse
827 3214 860 3272 et
883 3211 970 3272 idern
993 3212 1091 3286 igitur
1119 3211 1202 3284 quod
1231 3206 1367 3281 οἰοπόλος
1397 3208 1549 3284 primitus
1571 3207 1631 3281 sig·

362 3305 511 3366 nificasse
535 3307 718 3380 (opilionem)
742 3311 963 3372 demonstrare
987 3311 1111 3372 studuit
1135 3311 1171 3372 G.
1197 3311 1304 3384 Meyer
1328 3307 1361 3380 ²).

408 3406 573 3479 syncopae
607 3410 753 3482 opposite
787 3413 838 3471 est
871 3414 1039 3488 cncptycis
1070 3412 1120 3472 vel
1152 3411 1314 3484 epenthesis
1344 3424 1427 3482 qnae
1450 3409 1576 3482 dicitnr,
1600 3409 1631 3466 id

363 3509 415 3566 est
437 3505 572 3566 insertio
593 3507 702 3568 brevis
724 3509 806 3586 soni,
830 3510 1020 3586 plerumque
1042 3533 1066 3586 ε,
1088 3511 1193 3571 rarius
1217 3516 1245 3582 ἅ,
1272 3513 1293 3584 λ,
1316 3529 1340 3568 ο.
1365 3507 1498 3568 Cautius
1522 3511 1632 3568 tamen

363 3605 402 3666 de
426 3606 601 3682 vocabulis,
625 3622 709 3681 quae
731 3609 794 3671 huc
817 3612 988 3688 pertinent,
1012 3613 1059 3672 ita
1082 3611 1261 3686 loquemur,
1286 3611 1321 3668 ut
1344 3608 1490 3668 dicamus
1516 3608 1632 3666 radicis

363 3705 554 3781 ampliorem
577 3708 610 3767 et
633 3707 814 3771 breviorem
838 3715 950 3772 extare
974 3713 1105 3787 formas,
1131 3714 1204 3771 utra
1225 3712 1335 3770 autem
1356 3710 1435 3768 natu
1454 3709 1498 3768 sit
1518 3708 1631 3780 maior,

364 3808 395 3869 id
418 3808 450 3868 in
474 3808 634 3883 plerisque
660 3811 792 3873 vocibus
815 3813 898 3875 effici
922 3830 984 3875 non
1008 3829 1112 3889 posse.
1138 3812 1295 3888 Exempla
1318 3813 1397 3872 haec
1419 3809 1596 3870 sufficient:

693 3911 797 3996 ἀλέγω,
819 3911 950 3999 ἀλεγίζω,
972 3913 1115 3996 ἀλεγύνω,
1137 3911 1324 3994 dvo-pispir,
1347 3935 1401 3972 ταν
1417 3910 1521 3991 pityus
1534 3912 1581 3981 (?)·

693 4011 782 4098 ἀλγος
806 4014 947 4098 ἀργαλέος
972 4019 1013 4090 (id
1037 4020 1088 4080 ast
1112 4013 1273 4097 ἀλγολέοςλ.

695 4115 816 4196 ἀφενος.

696 4215 829 4299 ἀφνειός.

695 4320 830 4402 ἀνήλυθε
854 4324 928 4396 (vid.
953 4327 971 4395 ἕ
998 4325 1081 4394 ltu).

695 4424 802 4500 ἄνθος.

523 3957 630 4041 ἀλ(ε)γ;

515 4163 631 4245 cipido:

514 4374 630 4449 ἀν(ελθ;

396 4613 416 4680 ¹)
435 4619 473 4664 An
491 4619 629 4676 cognatum
647 4619 688 4664 οιλ
705 4607 847 4680 anaphorica
865 4619 890 4661 Χ
908 4616 972 4662 169?

395 4689 414 4748 't
432 4695 486 4742 vid.
514 4695 580 4742 Leni
603 4695 635 4740 ad
663 4697 683 4740 Β
708 4693 765 4741 stt.
790 4693 919 4740 hdemne
945 4691 1015 4738 vonis
1038 4693 1144 4748 ολγόπιος
1168 4692 1208 4736 est
1226 4691 1298 4748 ratio,
1317 4701 1367 4748 qna
1386 4688 1515 4747 designari
1533 4687 1633 4734 videtur

361 4771 520 4832 praegrande
545 4770 610 4818 iiind
635 4771 766 4818 vulturum
793 4783 875 4830 genus
905 4769 974 4828 quod
1001 4769 1074 4827 agnis
1099 4767 1252 4828 praesertim
1284 4767 1419 4814 insidietur
1444 4761 1632 4831 (hnmryierss

360 4851 521 4912 Quamquam
537 4850 586 4898 hoo
605 4853 675 4899 nerto
692 4849 846 4899 mosonium
863 4849 940 4898 eu'm
957 4862 989 4896 ex
1006 4850 1148 4908 αλγι-γιλοιως
1166 4847 1241 4894 tacite
1259 4843 1344 4908 potnit
1361 4845 1438 4892 nuci.
