3944 5730
347 687 365 757 5
390 687 463 758 107]
948 687 1012 748 279

524 871 619 952 μέλλει
640 871 694 952 μέν
715 875 793 934 until
813 897 855 948 τις
878 873 927 936 ιιαλ
951 875 1089 955 φίλτερον
1111 873 1199 948 ἄλλος
1222 872 1336 936 ὀλέσσαι
1504 877 1536 934 Ω
1561 879 1613 938 46.

347 979 419 1034 οιιιιέ
449 993 525 1049 quos
555 979 683 1050 μενοίνα
713 978 804 1036 etium
832 979 936 1054 sutum
968 978 1139 1052 spoliauerit
1163 978 1301 1048 (imnund
1322 978 1372 1037 zai
1393 979 1449 1037 wei
1470 993 1539 1038 cens
1564 993 1617 1036 een

348 1077 395 1134 iiie
417 1078 486 1137 bern
510 1095 570 1154 ιτομ
593 1079 795 1140 dierbucrriur
816 1095 882 1138 revue
903 1079 1016 1138 hebben
1039 1080 1186 1148 veriores)
1209 1082 1237 1148 ¹).

392 1268 522 1328 Duobus
546 1285 620 1328 vero
644 1268 807 1343 Odysseae
831 1269 921 1343 locis,
945 1269 1043 1342 quia
1075 1269 1338 1343 praecedentibus
1364 1267 1419 1329 via
1443 1269 1617 1342 quicquam

348 1368 509 1443 differunt,
543 1369 631 1429 notio
667 1370 820 1444 temporis
850 1369 973 1443 peracti
1004 1385 1068 1429 non
1098 1369 1246 1444 inpudico
1277 1370 1425 1431 inhaeret
1447 1369 1503 1430 sed
1528 1369 1616 1429 verbi

348 1464 460 1542 μέλλειν
483 1469 671 1544 imperfecto
695 1469 903 1544 exprimitur:

520 1562 632 1644 ’μέλλεν
644 1566 698 1645 μέν
710 1589 779 1627 ποτε
790 1569 895 1638 fuisos
913 1562 957 1627 ὅδ’
978 1565 1101 1642 ἀφνειὸς
1115 1564 1165 1626 καλ
1178 1565 1305 1644 ἀμύμων
1324 1564 1329 1646 Ι
1350 1565 1472 1644 ἔμμεναι
1495 1592 1514 1626 α
1539 1571 1613 1630 232.

344 1667 404 1742 suit
427 1684 499 1726 cum
523 1669 629 1743 opibus
652 1669 812 1743 αλῙλναεαλ
836 1671 957 1728 ναιέται
979 1669 1076 1741 aedes,
1100 1668 1144 1728 cic
1166 1672 1242 1728 cerie
1272 1669 1445 1744 accepimus
1468 1670 1522 1740 (dit
1545 1669 1615 1730 aab

346 1769 396 1826 zai
418 1769 474 1828 reri
496 1771 637 1830 conmuni
659 1771 830 1830 wetvarenu
851 1769 914 1845 τ’μίι
939 1773 1081 1844 pcwccst).

523 1868 650 1950 καὶγὰρ
674 1867 729 1951 ἐγώ
753 1864 814 1931 ποτ’
840 1867 958 1946 έμελλον
983 1868 1015 1930 ἕν
1039 1867 1184 1946 ἀνδράσιν
1208 1866 1306 1948 ὄλβιος
1329 1862 1405 1930 εἶναι
1495 1886 1513 1929 σ
1539 1871 1611 1932 138.

347 1988 396 2031 mc
418 1991 536 2048 quoquc
558 1975 632 2034 oiim
654 1973 734 2032 inter
755 1975 896 2048 aequales
911 1973 1052 2050 [teruisse
1072 1971 1213 2032 credibile
1235 1977 1276 2034 est
1295 1972 1361 2044 (puk
1379 1973 1411 2034 ik
1426 1974 1475 2033 zui
1494 1973 1614 2050 ccriir'de

349 2075 403 2130 orci
424 2077 585 2150 rrruraperri
607 2074 718 2134 bcbbcra
739 2075 875 2150 petendi.

394 2175 453 2236 iiic
472 2191 528 2250 pro
559 2173 677 2253 ipeitov
709 2180 793 2247 (λεν)
816 2169 892 2236 ελνοι
916 2175 1139 2250 expectaveris
1162 2172 1255 2252 pitin
1279 2177 1357 2245 (λιι)
1380 2171 1531 2254 γενέσθαι,
1556 2190 1613 2236 nec

349 2278 457 2337 tamen
502 2278 593 2339 video
634 2279 793 2351 quomodo
835 2276 929 2338 lectio
972 2277 1091 2337 tradita
1124 2292 1197 2338 cum
1234 2277 1342 2350 aliqua
1380 2275 1614 2351 probabilitatis

347 2379 452 2451 specie
480 2380 583 2454 possit
613 2380 778 2441 sollicitari
798 2375 830 2449 ¹).
862 2380 975 2454 Itupue
1007 2380 1089 2439 satis
1120 2379 1221 2440 habeo
1253 2379 1413 2440 indicasse
1435 2377 1612 2452 discrepan-

348 2481 439 2558 tiam,
463 2497 546 2557 <puae
569 2482 654 2544 sitne
677 2499 718 2544 ex
744 2498 850 2544 errore
874 2485 952 2544 nata
974 2497 1075 2543 necne
1098 2480 1230 2544 definire
1253 2497 1316 2542 non
1340 2479 1457 2542 ausim.

394 2673 471 2734 Post
507 2673 619 2748 viginti
650 2689 730 2748 quos
762 2675 930 2749 tetigimus
961 2674 1047 2735 locos
1071 2675 1174 2736 mulin
1198 2675 1307 2750 piures
1331 2674 1505 2747 supersunt
1529 2687 1612 2733 corn·

349 2775 558 2852 memorandi,
590 2776 706 2850 quibus
737 2777 948 2852 imperfectam
978 2774 1098 2853 ἔμελλον
1121 2779 1202 2852 (λος,
1224 2778 1278 2851 -λε,
1302 2775 1343 2834 Μ
1363 2775 1426 2835 322
1451 2770 1614 2850 μέλλοιμεν)

348 2877 449 2936 extet.
482 2876 541 2952 Qui
570 2877 632 2938 loci
655 2894 674 2938 a
697 2879 962 2953 praecedentibus
985 2893 1047 2938 non
1072 2877 1151 2938 nibil
1176 2877 1344 2950 differunt;
1368 2875 1504 2937 inservit
1527 2875 1614 2936 enirn

347 2975 571 3050 imperfectum
603 2979 643 3038 ad
674 2979 860 3040 iudicandas
891 2994 953 3052 res,
984 2994 1067 3052 quae
1098 2979 1226 3039 suturae
1260 2980 1352 3039 erant
1377 2976 1428 3038 rel
1451 2977 1615 3052 expectari

347 3081 496 3150 poterant
531 3082 675 3154 tempore
710 3081 748 3140 ds
782 3094 844 3153 quo
875 3081 945 3140 sive
973 3081 1067 3155 poeta
1092 3079 1233 3153 loquitur
1255 3079 1325 3139 sive
1349 3079 1378 3137 is
1401 3078 1455 3151 qui
1479 3092 1616 3138 narrans

348 3179 517 3239 inducitur.
551 3181 619 3240 Hoc
648 3195 746 3240 sensu
780 3181 831 3241 ubi
858 3179 977 3258 ἔμελλον
998 3179 1177 3257 adhibetur,
1205 3181 1338 3241 verbum
1367 3179 1523 3240 auxiliare
1548 3179 1616 3239 iure

347 3279 409 3338 dici
431 3283 548 3356 potest,
570 3283 755 3342 constanter
776 3284 885 3342 eutem
908 3283 1054 3354 sequitur
1070 3282 1239 3356 infinitivus
1253 3281 1357 3356 secturi
1378 3277 1409 3356 ³),
1430 3282 1463 3340 et
1481 3278 1617 3354 ποιήσειν

347 3375 466 3452 ἔμελλον
498 3379 586 3440 idem
619 3381 779 3453 significat
809 3381 892 3453 quod
922 3381 1066 3456 facturus
1100 3397 1189 3441 crum
1211 3373 1233 3449 ⁹)
1259 3380 1310 3440 vel
1333 3379 1368 3438 in
1389 3379 1464 3452 sutis
1495 3381 1560 3438 erat
1585 3381 1617 3436 αλ

344 3478 488 3552 (iacerem.
514 3479 547 3539 Ε.
571 3495 602 3553 g.

480 3575 546 3641 οὐδ’
571 3576 615 3662 ἄρ’
641 3575 732 3659 ἔμελλ’
759 3580 886 3662 ἑτάροισι
909 3579 1014 3658 φανελς
1038 3579 1184 3660 ἐρατεινὸς
1207 3579 1336 3641 ἔσεσθαι.
1504 3600 1515 3636 ι
1540 3579 1614 3638 280.

477 3677 529 3763 ’βῆ
552 3677 581 3743 d’
604 3683 702 3762 ἴμεναι
720 3682 806 3764 reperi
825 3693 900 3763 νῆας
920 3681 979 3744 &nd
997 3691 1129 3764 στρατοῦ·
1150 3677 1216 3744 odd'
1239 3676 1282 3763 ἄρ’
1307 3679 1405 3760 ἔμελλε
1436 3683 1463 3740 Κ
1487 3681 1616 3754 333131.

480 3782 578 3846 ituriae
600 3783 632 3846 έιτ
657 3793 736 3864 νηῶν
760 3782 806 3862 ἂψ
821 3782 943 3866 Ἕκτορι
967 3791 1070 3864 μῦθον
1093 3782 1235 3846 ἀποίσειν.

396 3885 517 3948 vitiose
540 3888 680 3949 traditus
704 3891 755 3950 est
779 3891 812 3948 11
834 3890 895 3950 47:

480 3978 520 4059 ὧς
537 3982 626 4063 ’φάτο
650 3988 833 4066 λισσόμενος,
854 3986 928 4070 μέγα
952 3989 1070 4067 νήπιος·
1096 3979 1116 4068 ἦ
1138 3985 1194 4069 γὰρ
1217 3983 1314 4065 ἔμελλε

479 4087 532 4150 foi
553 4089 633 4176 αὐτῷ
655 4091 790 4153 θάνατόν
814 4114 843 4153 τε
866 4091 960 4154 ιιακὸν
982 4090 1034 4152 καλ
1057 4100 1136 4171 κῆρα
1158 4086 1350 4151 λιτέσθαι.

382 4285 399 4340 1λ
416 4290 499 4338 Ελίιοτ
524 4291 594 4352 apud
617 4293 774 4342 Herodotum
802 4293 908 4341 verbum
932 4292 1021 4352 μέλλιιι
1037 4293 1073 4339 ita
1095 4293 1243 4353 usurpetur,
1265 4291 1315 4338 rid.
1334 4291 1361 4339 11
1379 4293 1420 4351 λλ,
1439 4294 1494 4354 1⁶0,
1512 4293 1559 4340 vu
1576 4295 1618 4364 dd,

349 4369 409 4416 vrri
427 4373 450 4430 d,
470 4373 510 4428 ec,
527 4371 563 4418 lx
584 4373 639 4419 116.

381 4443 401 4510 ²)
419 4449 482 4496 Nam
507 4463 591 4510 neque
617 4451 681 4498 satia
703 4451 770 4498 lenia
793 4455 854 4498 sunt
876 4465 960 4510 neque
983 4451 1101 4510 vulgatae
1123 4451 1277 4510 elegantiam
1301 4453 1413 4510 sequani
1434 4463 1499 4511 quse
1517 4451 1573 4498 scis
1591 4451 1616 4498 in

349 4531 461 4575 montom
480 4532 615 4576 venerunt:
632 4535 757 4588 μᾶλλον...
771 4529 776 4590 1
792 4533 872 4576 inisse
889 4533 916 4576 αλ
932 4527 1098 4589 μᾶλλον.,,ἦα.

381 4603 402 4668 ²)
420 4607 555 4654 Manifestc
582 4609 642 4654 vitio
669 4613 772 4655 -σοοθαι
797 4622 844 4668 pre
868 4614 964 4656 -urudoer
982 4609 1079 4656 habent
1095 4609 1197 4656 codices
1218 4607 1333 4655 nonnulii
1354 4613 1380 4656 ’λ’
1394 4609 1442 4654 ’173
1460 4625 1473 4672 p
1492 4609 1539 4654 412
1557 4609 1617 4656 Hes.

349 4685 420 4731 Sunt
443 4686 496 4730 111.

382 4761 403 4824 ⁴)
422 4765 486 4810 Cum
511 4763 543 4809 de
570 4763 645 4810 rebus
671 4767 761 4822 postea
784 4766 894 4823 peractis
918 4767 971 4811 tum
995 4764 1027 4811 de
1050 4765 1081 4811 iis
1102 4779 1168 4825 quse
1186 4765 1306 4812 eventurn
1325 4779 1374 4811 non
1392 4764 1538 4812 babuerunt
1555 4764 1619 4812 haec

348 4841 445 4889 locutio
464 4845 604 4902 usurpetur
610 4853 617 4898 ;
635 4842 685 4888 rid.
704 4848 725 4888 7.
745 4844 785 4900 53,
801 4845 849 4890 193
868 4847 915 4889 etc.
