3848 5688
936 627 1003 680 Lxx

338 803 416 863 sunt
446 802 589 881 XLVIII,
621 804 793 879 significari
824 806 944 869 diceret
972 804 1003 879 ¹).
1038 807 1220 869 Secundum
1251 807 1383 868 verbum
1414 801 1493 866 ἄειδε
1525 805 1603 865 vitu·

338 903 471 980 perabat
501 905 702 984 Protagoras,
733 907 828 970 deam
858 909 985 970 lIuaam
1015 925 1129 985 parurn
1160 908 1272 970 decore
1296 907 1488 983 imperativo
1510 907 1603 967 modo

339 1005 524 1080 compellari
555 1009 750 1070 contendens
769 1006 810 1080 'lz
841 1011 1039 1072 defendenda
1071 1011 1169 1084 igitur
1198 1011 1269 1070 erat
1297 1009 1410 1084 poetae
1434 1007 1602 1069 modestia.

340 1105 394 1196 ¹Sic
422 1106 576 1186 παροίνοις
606 1109 791 1171 huiusmodi
821 1110 963 1188 ζητήμασι
993 1111 1083 1184 larga
1113 1108 1303 1185 suppetabat
1325 1109 1498 1182 materiea;
1522 1122 1604 1180 quae

340 1206 448 1268 studia
466 1207 520 1280 qui
539 1209 660 1283 carpsit
677 1209 870 1271 Aristotelea
890 1211 984 1286 soph.
997 1210 1126 1271 Elench.
1141 1210 1185 1270 IV
1196 1210 1217 1269 8
1229 1209 1317 1269 Poet.
1332 1210 1384 1284 26,
1405 1209 1474 1284 ipse
1494 1209 1604 1268 tamen

339 1304 388 1367 als
403 1325 407 1338 ·
421 1307 564 1384 indulsit,
602 1325 678 1370 nam
716 1303 883 1388 Ὁμηρικῶν
918 1307 1118 1390 ἀπορηριάιοον
1151 1311 1203 1371 vel
1236 1307 1452 1390 προβλημάτων
1486 1309 1604 1370 librum

339 1407 470 1484 scrlpslt
487 1409 520 1480 ⁸).

385 1510 491 1572 Etiam
517 1512 552 1572 ln
583 1513 667 1588 regis
687 1512 863 1576 Ptolemaei
883 1514 1080 1590 Philadelphi
1103 1513 1260 1576 conviviis
1277 1512 1461 1574 huiuamodi
1480 1511 1605 1572 lusibus

339 1610 581 1691 indulgebatur3
617 1613 680 1676 vld.
715 1612 848 1676 Proclus
880 1615 921 1676 ad
951 1615 1028 1677 Hes.
1058 1615 1150 1690 oper.
1183 1616 1241 1676 97:
1272 1621 1336 1685 πῶς
1367 1609 1480 1690 ἔμεινεν
1512 1609 1543 1672 ἐν
1565 1621 1604 1695 νῷ

338 1710 421 1798 πίθῳ
450 1707 471 1790 ἡ
495 1709 592 1788 ἐλπὶςς
628 1713 687 1776 ἔστι
717 1714 773 1797 γὰρ
803 1723 889 1777 τοῦτο
921 1713 953 1777 ἐν
979 1714 1162 1796 ἀνθρώποις.
1185 1723 1272 1776 τοῦτο
1295 1709 1328 1774 δὲ
1350 1709 1401 1773 καὶ
1425 1709 1604 1791 Κόριανοςὸ

338 1811 539 1896 ἀρχιοινοχόος
568 1825 622 1879 τοῦ
651 1816 794 1899 βασιλέως
823 1818 1004 1901 προύτεινεν·
1031 1817 1125 1898 φησιν
1148 1809 1205 1880 οὖν
1228 1815 1420 1898 Ἀρίσταρχος,
1442 1813 1485 1877 ὅτι
1508 1810 1529 1893 ἡ
1551 1809 1605 1894 μὲν

339 1925 398 1977 τῶν
420 1926 521 1978 κακῶν
540 1917 663 1999 ἔμεινεν,
683 1916 704 1999 ἡ
728 1917 761 1982 δὲ
784 1929 842 1982 τῶν
864 1919 990 2002 ἀγαθῶν
1010 1919 1135 2001 ἐξῆλθεν
1155 1922 1186 1992 ⁴).
1210 1920 1355 1982 Sosibius
1377 1918 1509 1994 quidam
1530 1932 1605 1978 cum

341 2019 512 2081 Nestorem
531 2037 644 2084 senem
660 2027 691 2082 A
707 2025 773 2086 686
792 2039 840 2099 sq.
868 2024 941 2086 ailla
960 2023 1148 2087 validiorem
1168 2023 1230 2085 dicl
1253 2038 1316 2085 non
1336 2037 1431 2098 posse
1450 2021 1605 2096 censeret,

341 2120 433 2181 Aiaci
455 2122 543 2183 enim
566 2124 619 2184 vel
641 2124 760 2186 Achilli
782 2125 887 2187 multo
909 2125 1017 2187 maius
1048 2125 1148 2188 luisse
1174 2125 1280 2202 robur,
1304 2125 1351 2186 ita
1372 2125 1456 2186 hanc
1477 2119 1606 2201 ἀπορίαν

341 2221 530 2296 expediebat
551 2226 589 2284 ut
610 2225 643 2285 in
665 2227 779 2300 poetae
802 2225 908 2287 verbis

605 2320 692 2396 ἄλλος
714 2321 777 2403 μὲν
791 2323 906 2404 μογέων
929 2322 1145 2404 ἀποκινήσασκε
1167 2323 1309 2406 τραπέζης

606 2428 709 2486 πλοῖον
730 2422 791 2505 llo,
812 2421 934 2507 Νέστωρ
958 2420 988 2486 l'
1014 2423 1030 2486 ὁ
1053 2423 1148 2508 γέρων
1169 2421 1295 2506 ἀμογητὶ
1317 2421 1396 2504 ἄειρε

342 2526 383 2586 ad
405 2524 603 2589 adlectivum
625 2523 712 2600 ἅλιος
734 2531 845 2591 mente
868 2529 1032 2606 suppleret
1053 2525 1154 2610 γέρον.
1187 2528 1290 2605 Quem
1320 2527 1486 2588 hominem
1508 2523 1606 2586 nlmiS

341 2629 475 2688 acutum
504 2628 640 2691 ludibrio
662 2630 776 2692 habult
797 2630 1025 2705 Philadelphus
1054 2627 1094 2702 ὡς
1116 2626 1372 2708 ἀπροσδιονύσους
1394 2627 1491 2697 λύσεις
1512 2645 1605 2703 πραν-

341 2726 552 2804 μασενσμενσν,
576 2729 638 2790 vld.
662 2730 851 2791 Athenaeus
872 2730 920 2790 XI
943 2731 1047 2792 lead.
1072 2729 1278 2791 Ptolemaeus
1299 2729 1475 2800 Euergetes
1496 2739 1605 2785 secun·

342 2827 413 2904 dus,
459 2827 514 2901 qui
551 2828 777 2891 Arlstarchum
811 2831 924 2892 habult
963 2831 1213 2908 praeceptorem,
1249 2828 1473 2902 quaestionem
1506 2824 1606 2886 nihilo

342 2927 525 3002 graviorem
554 2931 737 2991 coniectura
768 2931 917 3006 expedire
949 2931 1090 3008 studult;
1121 2945 1198 2991 nam
1222 2944 1297 2992 cum
1320 2930 1416 3006 poeta
1436 2927 1470 2988 in
1492 2925 1605 2987 deacri-

345 3028 445 3090 bando
479 3032 572 3092 antro
597 3029 754 3108 Calypsus
779 3053 793 3092 ε
818 3034 859 3094 72
889 3033 984 3096 eloim
1006 3032 1296 3094 commemorasset
1318 3031 1352 3090 ln
1373 3031 1466 3105 prato
1488 3028 1607 3102 irriguo

342 3133 503 3210 ilorentea,
535 3134 595 3195 hos
631 3136 727 3197 ilorea
757 3151 820 3197 non
851 3151 947 3212 prope
979 3136 1084 3198 fontes
1115 3135 1171 3197 aed
1200 3134 1233 3196 in
1264 3132 1451 3194 nemoribus
1481 3129 1604 3206 potissi·

343 3249 436 3296 mum
465 3235 552 3310 gigni
583 3237 812 3313 intempestive
840 3239 997 3300 recordati
1028 3240 1105 3300 aunt
1127 3237 1274 3298 homines
1296 3235 1391 3310 docti,
1415 3234 1606 3308 quapropter

342 3351 401 3396 rex
430 3337 525 3398 violis
555 3338 724 3400 substituit
758 3340 891 3402 herbam
921 3340 1101 3415 palustrem
1132 3337 1208 3414 σίον,
1238 3338 1301 3399 vid.
1335 3338 1451 3396 Athen.
1475 3335 1507 3395 II
1530 3336 1606 3396 dle.

343 3436 506 3499 I'iberium
537 3441 768 3512 grammaticos
800 3440 995 3516 appetivisse
1026 3442 1060 3501 at
1081 3440 1225 3500 ridiculis
1246 3436 1488 3510 quaestionibus
1512 3448 1607 3508 saepe

343 3540 513 3614 expertum
533 3554 606 3602 asae
624 3543 765 3603 testatur
784 3541 956 3602 Suetonius
975 3539 1008 3612 ¹).
1028 3541 1138 3614 Neque
1156 3540 1350 3614 Hadrianus,
1362 3538 1416 3611 qui
1429 3535 1607 3597 Homerum

343 3654 405 3700 non
435 3641 547 3714 magni
575 3643 714 3704 iaciebat
731 3639 765 3720 ⁸),
791 3659 867 3704 cum
891 3643 1121 3704 Alexandriam
1144 3642 1289 3704 venisset
1310 3639 1394 3700 inira
1416 3639 1605 3714 dignitatem

342 3755 437 3802 auam
460 3741 575 3804 habult
599 3745 650 3820 ,ln
675 3743 785 3806 licaeo
806 3745 929 3804 multas
948 3745 1153 3817 quaestiones
1171 3741 1404 3818 professoribus
1422 3753 1605 3816 proponere,

343 3856 424 3914 quas
446 3842 626 3918 propositas
648 3845 717 3920 ipae
739 3844 908 3906 dissolvit·
929 3845 962 3914 7).

389 3942 491 4004 liulta
520 3944 679 4006 eiusmodi
701 3945 902 4020 problemata
924 3944 1068 4005 servavit
1091 3943 1283 4004 Plutarchus
1305 3942 1338 4001 ln
1362 3938 1608 4017 Quaestionlbus

346 4041 568 4106 convivalibus
586 4049 620 4122 ¹),
645 4044 708 4106 vid.
733 4044 833 4107 etlam
856 4059 939 4119 quae
962 4045 1001 4106 de
1025 4043 1174 4105 adverbio
1197 4050 1294 4114 κακῶς
1317 4045 1346 4100 Α
1369 4042 1411 4102 25
1433 4040 1553 4117 proiart
1574 4039 1608 4098 in

378 4220 397 4289 ¹)
414 4225 504 4274 Βοοοσ.
521 4225 603 4287 aput
621 4227 653 4274 aa
670 4225 686 4287 ff
702 4228 742 4276 aa.

377 4301 398 4370 ¹)
414 4304 472 4355 vlu.
489 4305 593 4354 ονιιιαι
609 4307 704 4356 nosue.
722 4309 762 4357 ar.

377 4381 398 4447 ⁸)
416 4383 472 4432 vra
489 4383 572 4432 nean
587 4385 620 4433 σο
637 4381 726 4434 axum
742 4401 767 4448 p.
786 4387 842 4434 aar.

378 4461 400 4526 ι)
418 4463 475 4512 vra
492 4465 574 4514 noan
590 4466 627 4513 σν
639 4465 727 4515 arna*
744 4479 770 4527 p.
788 4467 845 4515 eoo.

379 4538 400 4606 ⁵)
418 4542 474 4591 vid
491 4543 595 4592 duston.
613 4545 670 4593 dib.
688 4545 728 4594 Iu.

378 4615 598 4686 quamnam
616 4623 641 4670 ai
657 4623 828 4684 praelerebat,
847 4623 893 4672 Dio
911 4623 981 4672 casa.
1001 4621 1084 4670 dxix
1103 4623 1125 4668 i.

378 4695 399 4763 ι)
416 4700 544 4762 apuam.
560 4701 681 4750 marran.
700 4703 755 4751 aa·

378 4773 400 4839 ⁸)
416 4778 499 4828 Labra
515 4774 604 4828 Arist¹
620 4793 645 4841 p.
663 4782 711 4830 ala
728 4795 768 4844 sq,
