3880 5678
958 673 1018 732 152

577 858 643 937 δέξο
666 857 741 936 ἅναξ
765 860 909 943 Κρονίδα,
933 863 991 922 Ζεῦ
1010 854 1160 941 Ὀλύμπιε,
1181 858 1272 922 καλὸν
1295 858 1411 943 ἄγαλμα

621 964 694 1052 [λείῳ
716 970 807 1050 θυμῷ
829 969 889 1038 τοῖς
913 963 1172 1043 Λακεδαιμονίοις.

357 1068 516 1131 Haeccine
554 1067 742 1145 scripserint
775 1068 1018 1130 Lacedaemonii
1053 1084 1132 1129 suae
1166 1070 1309 1144 ipsorum
1344 1069 1473 1145 linguae
1507 1069 1621 1131 obliti?

356 1170 483 1232 hiatum
503 1166 568 1245 δέξο
588 1167 663 1244 ἄναξ
681 1170 872 1232 admiserint
895 1170 945 1246 ,in
968 1169 1106 1230 formula
1125 1186 1143 1231 ε
1164 1171 1341 1233 vetustiore
1360 1171 1448 1246 poesi
1461 1170 1621 1247 decurrite,

356 1289 414 1334 cur
450 1273 497 1333 ita
536 1272 679 1334 dicerent
712 1272 774 1348 ipsi
807 1286 870 1331 non
906 1270 1179 1346 intellegentes’'?
1215 1272 1248 1332 Si
1280 1272 1414 1333 Homeri
1444 1271 1477 1332 bi
1508 1287 1624 1332 versus

356 1374 546 1464 assentite
568 1373 696 1434 credere
715 1388 776 1433 nos
795 1371 1023 1433 iuberent·viri
1040 1371 1135 1448 docti,
1154 1388 1292 1446 quorum
1313 1372 1494 1449 opinionem
1515 1373 1623 1434 verbis

357 1474 469 1536 caueri
492 1490 589 1550 supra
612 1474 849 1551 expressimus:
873 1489 958 1535 nuuc
982 1489 1044 1534 non
1067 1477 1118 1535 est
1144 1475 1318 1535 verendum
1343 1491 1383 1534 ne
1402 1475 1475 1548 quis
1494 1473 1541 1534 ita
1561 1474 1621 1535 sibi

355 1565 557 1654 persuadeat,
592 1593 669 1639 nam
709 1576 750 1638 ad
783 1577 962 1638 socordiam
996 1577 1065 1638 slve
1101 1577 1280 1638 Pausaniae
1314 1577 1384 1637 sive
1417 1576 1621 1636 librariorum

356 1678 584 1739 confutandam
607 1679 669 1753 ipsi
693 1679 759 1738 iam
782 1677 905 1752 lapides
927 1679 1207 1752 consurrexerunt.
1234 1677 1401 1752 Olympiae
1424 1691 1508 1736 anuo
1534 1676 1619 1738 1876

353 1777 487 1838 inventa
510 1779 562 1838 est
582 1777 661 1839 hnec
684 1778 805 1853 statua,
828 1779 977 1852 superest
998 1777 1116 1838 titulus
1134 1776 1255 1837 saeculi
1278 1774 1331 1836 Vl¹
1353 1790 1455 1851 paene
1478 1776 1618 1849 integer:

355 1876 431 1950 quid
453 1875 595 1950 legitur?

356 2023 363 2038 .
376 2023 383 2037 .
396 2024 403 2037 .
417 1976 533 2037 Ol'AN
542 2023 548 2037 .
561 2024 568 2038 .
580 1979 785 2038 KPONIAA.
800 1975 1564 2039 ΕῬΟΛΤΜΠΙΕΚΑΛΟΝΑΓΑΛΜΑΗΙΛΕΡΟ
1576 2020 1582 2034 .
1596 2019 1618 2033 ..

400 2079 931 2158 ΜΟΙΤΟΙΛΑΚΕΔΑΙΜΟΝΙΟ,

356 2181 479 2243 idest:

512 2279 603 2356 [δέξ]ο
625 2281 747 2356 fodei]
773 2281 917 2362 Κρονίδα,
941 2285 1025 2354 [Ζ]εῦ
1044 2276 1193 2360 Ὀλύμπιε,
1215 2279 1306 2342 καλὸν
1330 2279 1457 2361 ἄγαλμα,

554 2382 713 2463 ῐληὶὧῂΐ]
740 2383 849 2471 [δά]μφ
871 2393 911 2468 τῷ
934 2381 1217 2461 Λακεδαιμονίω[ν].

354 2486 425 2550 Vld.
450 2487 551 2550 Boebl
573 2487 657 2552 Iun.
683 2489 724 2550 75
748 2489 782 2550 et
803 2488 886 2566 add,
909 2486 1023 2548 Kolboi
1047 2485 1152 2562 lipigr.
1179 2487 1252 2566 743,
1278 2486 1415 2549 Roberts
1437 2483 1618 2563 lipigrapby

353 2606 384 2668 p.
409 2591 484 2653 262.

399 2795 533 2858 Constat
563 2798 661 2872 igitur
692 2813 733 2860 ex
763 2797 815 2856 his
847 2811 927 2871 quos
960 2795 1132 2856 attulinrus
1162 2797 1322 2857 erroribus
1349 2795 1526 2870 multisque
1547 2794 1620 2856 aliis

353 2898 500 2960 eiusdem
535 2900 671 2975 generis,
703 2899 869 2973 digamma
897 2913 918 2958 a
944 2897 1083 2958 librariis
1116 2897 1171 2958 vix
1202 2913 1338 2972 usquam
1365 2897 1524 2958 intactum
1548 2911 1620 2956 esse

354 3000 531 3059 servatum.
555 2999 669 3072 Itaque
693 3013 755 3058 non
779 2998 811 3058 id
834 2997 954 3058 mirum
975 2998 1026 3057 est
1048 2997 1251 3070 quodetiam
1273 3015 1314 3060 ex
1335 2999 1506 3062 Homerico
1526 3000 1619 3060 textu

354 3099 496 3174 evanuit,
520 3099 577 3159 sed
601 3097 684 3172 quod
707 3098 804 3158 citius
827 3112 868 3159 ex
891 3098 957 3158 illis
976 3097 1174 3158 carminibus
1197 3115 1296 3172 quam
1316 3115 1357 3160 ex
1377 3100 1450 3161 aliis
1470 3102 1618 3161 veterum

352 3199 501 3273 operibus
524 3200 696 3260 evanuisse
721 3199 857 3259 videtur.

398 3298 555 3375 Quidquid
588 3299 620 3359 id
655 3301 706 3359 est
731 3332 770 3342 -
795 3313 872 3359 nam
913 3313 1027 3372 parurn
1070 3301 1200 3373 prodest
1236 3301 1402 3361 immorari
1438 3299 1618 3374 quaestioni

353 3413 435 3472 quae
469 3398 509 3458 ad
541 3398 665 3458 exitum
692 3397 822 3473 perduoi
857 3399 995 3469 nequeat
1029 3398 1301 3460 -Alexandrini
1333 3401 1538 3473 grammatici
1570 3399 1618 3458 lit·

353 3499 459 3559 teram
481 3498 647 3572 digamma
669 3499 702 3557 in
726 3497 866 3557 Homero
890 3511 953 3556 uon
977 3498 1187 3574 reperiebant,
1212 3515 1315 3572 neque
1338 3500 1436 3573 igitur
1459 3501 1491 3558 in
1512 3513 1617 3559 exem·

353 3598 435 3673 plari
469 3597 655 3659 Antimachi
692 3596 885 3674 colophonii,
927 3597 982 3669 qui
1021 3598 1164 3659 Platonis
1199 3601 1268 3660 erat
1306 3599 1461 3676 aequalis,
1504 3599 1618 3659 aliisve

353 3699 444 3761 libris
480 3699 628 3776 vetustis,
670 3713 751 3774 quos
792 3699 831 3759 ad
874 3699 1003 3758 textum
1036 3700 1298 3762 constituendum
1333 3701 1380 3762 illi
1414 3700 1616 3776 adhibebant,

355 3803 426 3862 erat
457 3802 601 3863 armata.

399 3902 460 3964 Sed
494 3903 580 3964 aliud
614 3904 665 3964 est
700 3918 815 3964 sonum
847 3903 956 3965 littera
987 3919 1050 3964 non
1084 3905 1235 3982 indicare,
1267 3905 1354 3967 allud
1386 3921 1448 3966 non
1479 3904 1619 3980 proferre

356 4021 443 4067 voce.
479 4005 565 4065 Nihil
599 4005 708 4066 obstat
741 4006 915 4078 quominus
947 4020 1139 4066 censeamus
1170 4007 1290 4069 vixisse
1321 4008 1465 4068 Ionicum
1496 4022 1558 4067 vau
1586 4008 1617 4066 iu

353 4107 550 4168 carminibus
584 4107 765 4168 Homericis
798 4108 853 4168 diu
883 4109 1056 4183 postquam
1089 4123 1130 4168 ex
1161 4109 1277 4170 Ionum
1307 4111 1532 4170 Atticorumre
1555 4124 1617 4169 ser·

354 4223 450 4270 mone
479 4207 665 4283 quotidiano
694 4209 897 4284 evanuisset3
930 4209 1051 4270 vixisse
1074 4210 1229 4283 quamdiu
1253 4211 1284 4271 iu
1309 4211 1541 4287 rhapsodorum
1565 4226 1618 4272 ore

353 4310 424 4387 ipsa
458 4311 602 4371 carmina
632 4309 722 4386 epice
753 4310 909 4372 viverent.
943 4310 1038 4370 Nulla
1067 4314 1118 4372 eet
1149 4327 1247 4373 cause
1278 4329 1335 4373 eur
1366 4329 1522 4388 negemus
1546 4311 1618 4373 illos

355 4412 442 4473 viros
471 4411 626 4472 recitasse
656 4409 799 4491 Ἀτρεΐδης
830 4432 859 4470 τε
892 4409 990 4483 fevo}
1025 4408 1144 4489 ἀνδρῶν
1180 4415 1213 4473 et
1243 4411 1376 4473 fdfslusv
1412 4408 1441 4472 ‹i'
1469 4411 1485 4472 ὁ
1516 4411 1619 4494 γέρων,

353 4513 483 4574 etiarnsi
517 4514 549 4573 in
584 4513 734 4574 omnibus
768 4513 878 4573 Iliadis
909 4513 1148 4588 exemplaribus
1179 4517 1256 4575 tunc
1288 4519 1325 4576 ut
1355 4517 1448 4577 hodie
1480 4513 1554 4588 ἄναξ
1585 4519 1618 4577 et

353 4611 462 4673 ἔδεισεν
493 4613 612 4675 tuerint
642 4616 785 4674 exarata.
813 4613 896 4673 Nam
923 4613 987 4675 tale
1011 4616 1239 4689 pronunciandi
1263 4616 1437 4678 artificium
1460 4619 1495 4677 et
1517 4616 1617 4677 veluti

353 4727 508 4774 arcanum
530 4729 571 4774 ex
594 4715 657 4775 alio
680 4715 850 4776 cantorum
869 4728 985 4787 genere
1009 4715 1049 4775 ad
1073 4715 1159 4776 allud
1184 4731 1259 4776 enm
1283 4717 1353 4792 ipsa
1372 4717 1527 4778 recitandi
1547 4716 1616 4777 arte

353 4813 521 4891 propagari
542 4815 677 4891 poteret.
697 4815 809 4878 Iouem
830 4814 970 4892 exempli
988 4815 1103 4893 gratia,
1127 4832 1168 4879 oe
1190 4817 1230 4879 de
1252 4816 1488 4892 antiquioribus
1510 4817 1614 4894 loqua-
