3958 5696
952 577 1017 640 586
1492 580 1522 652 [9
1545 578 1608 638 828

340 764 424 824 Nam
454 763 530 822 licet
559 763 710 838 primitus
739 778 839 824 unam
870 762 1069 836 eandemque
1099 762 1201 823 luisse
1231 761 1381 823 voculam
1403 755 1423 831 ¹)
1454 763 1609 836 cognatae

340 861 469 938 linguae
499 864 614 924 Latina
644 867 734 944 (que)
757 867 790 924 et
813 863 1007 924 Sanscritica
1030 867 1087 934 (oo)
1113 865 1283 925 videantur
1305 863 1428 939 docere,
1452 865 1520 924 tarn
1544 864 1609 924 late

341 967 453 1026 tamen
484 965 651 1040 utriusque
682 964 858 1039 particulae
882 967 915 1025 ei
938 980 1017 1024 usus
1041 966 1201 1040 discrepat
1224 969 1258 1025 ei
1279 964 1473 1038 significatio
1495 968 1532 1026 ut
1554 981 1609 1040 pro

340 1067 466 1128 duabus
500 1067 698 1140 diversisque
732 1066 864 1126 vocibus
898 1065 972 1126 inde
1002 1066 1043 1125 ab
1074 1082 1155 1128 aevo
1188 1065 1358 1126 Homerico
1389 1067 1511 1141 optimo
1541 1067 1609 1126 iure

341 1167 467 1242 possint
497 1167 615 1227 baberi.
647 1166 772 1226 Iudicat
798 1167 909 1225 autem
933 1163 1136 1226 indefinitum
1158 1186 1188 1224 τε
1211 1181 1275 1226 ιιοιι
1298 1167 1337 1226 de
1360 1169 1448 1226 certa
1471 1165 1609 1238 quadam

341 1280 375 1326 re
405 1280 589 1327 sermonem
619 1264 688 1327 ileri
719 1265 903 1326 seducite
928 1263 1250 1340 quaaiierlposslnt
1282 1265 1333 1328 vel
1363 1265 1499 1326 soleant.
1529 1265 1610 1324 Hinc

341 1365 460 1424 talibus
491 1365 697 1440 potissimum
729 1364 808 1426 locis
839 1364 1002 1425 invenitur
1033 1364 1087 1425 ubl
1119 1364 1300 1426 sententiae
1323 1365 1492 1439 generales
1515 1379 1609 1425 enun-

340 1466 476 1528 cientur.
502 1465 546 1527 Oi.
571 1463 591 1541 ᾗ
618 1467 691 1528 101.

385 1618 415 1678 il.
446 1637 500 1697 περ
531 1617 671 1688 (auctib).
702 1617 972 1680 Intenaivabaec
995 1618 1194 1693 particulae
1218 1618 1335 1680 Latina
1357 1618 1495 1680 dictione
1519 1622 1609 1694 (pcr-

340 1722 573 1796 mapparum.)
596 1723 673 1782 notu
696 1723 757 1797 est,
782 1723 834 1782 est
857 1723 967 1782 autem
992 1721 1236 1797 praepositionis
1259 1722 1328 1801 περί
1348 1721 1452 1784 iorma
1475 1723 1609 1783 brevior.

340 1824 496 1884 Primitus
508 1823 607 1896 igitur
626 1822 719 1899 circa,
740 1824 877 1897 undiquc
896 1823 1077 1897 significare
1096 1823 1216 1900 debuit,
1231 1825 1304 1884 irinc
1316 1825 1412 1901 ualde,
1426 1825 1608 1899 admodum,

335 1925 479 2000 profecto,
514 1939 599 2000 conc,
634 1925 759 1997 quidem
795 1925 882 1986 valet
916 1925 949 1985 in
981 1925 1119 1986 dictione
1154 1927 1253 2003 apice,
1286 1942 1382 2001 saepe
1406 1929 1517 1987 autem
1547 1941 1610 1986 non

341 2027 448 2100 potest
478 2026 653 2100 separatim
687 2025 769 2086 verti
800 2026 856 2086 scd
890 2039 1018 2086 merum
1048 2026 1173 2101 pondus
1199 2027 1288 2088 addit
1309 2027 1500 2103 sententiae,
1524 2029 1611 2086 vocis

339 2128 438 2201 igitur
472 2127 691 2188 modulatione
725 2127 934 2201 exprimenda
969 2128 1029 2187 est.
1065 2126 1113 2187 iix
1148 2128 1310 2188 intensiva
1340 2130 1451 2189 autem
1483 2129 1611 2188 notione

342 2231 419 2290 nata
453 2231 505 2289 est
538 2229 753 2304 adversativa,
788 2244 862 2289 cum
897 2229 1022 2290 Latinis
1055 2230 1221 2305 particulis
1253 2232 1463 2308 qrconiumoia,
1492 2231 1613 2291 aiaraci

342 2329 567 2403 similibusque
594 2329 818 2403 comparanda.
843 2329 931 2390 Haec
954 2330 1091 2404 insignis
1114 2332 1165 2391 eet
1185 2330 1334 2406 inprimis
1357 2332 1410 2392 ubi
1435 2332 1610 2406 particulae

342 2429 370 2490 rt
391 2430 599 2491 subiunctum
623 2430 674 2490 eet
696 2448 761 2507 περ,
782 2444 842 2490 ιιοο
864 2444 927 2491 ιιοιι
951 2431 1005 2490 ubl
1028 2431 1205 2505 participiis
1228 2431 1365 2508 additur,
1388 2448 1416 2493 e.
1439 2447 1469 2504 g.
1495 2436 1524 2490 A
1547 2432 1610 2492 586

341 2526 466 2606 ἀνάσχεο
488 2527 640 2607 κηδομένη
662 2549 717 2608 περ
739 2530 845 2605 perfer
862 2529 989 2590 redimo
1011 2546 1095 2606 enac,
1120 2530 1140 2592 l.
1162 2547 1189 2592 a.
1209 2532 1314 2607 perfer
1336 2533 1537 2606 quantumvis
1558 2532 1610 2592 aol-

341 2631 424 2690 lioe'ta
445 2631 515 2691 slve
532 2631 638 2706 perfer
659 2631 724 2690 lieet
742 2630 869 2690 aottiotto
891 2631 943 2690 aie.
965 2630 1054 2691 Haec
1074 2631 1184 2691 utendi
1205 2633 1287 2693 ratio
1306 2633 1437 2692 transiit
1454 2632 1488 2693 in
1507 2633 1612 2693 dictio·

342 2747 418 2793 nem
439 2732 625 2793 recentioris
643 2732 726 2809 aevi,
747 2730 831 2791 idem
854 2730 943 2792 enirn
964 2731 1052 2792 valet
1072 2731 1218 2792 Atticum
1238 2732 1342 2810 καίπερ
1361 2749 1436 2795 οιιιιι
1448 2734 1613 2810 participio

343 2835 499 2896 iunctum.
520 2835 613 2909 Apud
634 2835 813 2895 Homerum
837 2837 949 2896 autern
974 2833 1106 2895 voculae
1129 2834 1181 2893 καί
1202 2837 1236 2896 et
1257 2855 1311 2913 περ
1335 2836 1411 2898 licet
1433 2837 1518 2898 baud
1542 2851 1613 2898 raro

341 2939 382 2998 nd
413 2953 514 2999 unum
540 2937 745 3012 participium
769 2937 897 2998 aliudve
921 2936 1113 2997 vocabulum
1136 2937 1203 2997 sint
1225 2937 1420 3014 referendae,
1444 2953 1611 3012 nunquam

342 3042 451 3099 tamen
471 3054 507 3099 ee
528 3039 728 3116 contingunt,
749 3039 869 3100 nedum
888 3039 920 3098 in
941 3053 1041 3098 unam
1062 3053 1174 3098 vocem
1195 3039 1396 3114 coalescent;
1416 3054 1444 3101 e.
1464 3054 1494 3113 g.
1509 3043 1537 3098 A
1550 3040 1612 3100 217

341 3137 394 3198 καί
414 3137 492 3216 μάλα
511 3159 565 3217 περ
587 3143 678 3222 θυμῷ
698 3136 898 3217 κεχολωμένον
921 3140 1000 3210 (Art.
1023 3137 1127 3216 καίπερ
1147 3161 1176 3214 μ.
1195 3143 1242 3208 a).
1263 3139 1356 3199 Unus
1376 3141 1504 3200 tantum
1524 3139 1613 3200 locus

341 3239 518 3316 discrepat:
550 3261 570 3320 η
594 3240 658 3302 224
682 3239 808 3321 καίπερ
831 3236 1106 3311 antidotarium
1130 3241 1209 3301 item
1235 3239 1311 3302 Has.
1334 3241 1452 3316 'l'beoq
1476 3243 1541 3302 biiii
1564 3239 1615 3300 eei

340 3363 395 3421 περ
417 3341 572 3422 χωόμενος.

386 3511 416 3568 i.
447 3512 510 3586 θην
540 3507 670 3579 (enclit.)
696 3508 840 3586 profecto,
865 3507 984 3583 opina.
1010 3508 1133 3568 ironico
1158 3508 1263 3568 colore
1286 3522 1415 3582 semper
1439 3509 1474 3568 ct
1495 3507 1613 3582 ubique

341 3608 458 3670 imbuit
480 3609 651 3670 enunciata
675 3611 707 3685 ²),
729 3610 760 3670 id
782 3609 866 3682 quod
886 3609 1034 3682 Hartung
1054 3609 1171 3682 aliique
1189 3609 1311 3683 optime
1330 3612 1563 3684 perspexerunt
1579 3609 1611 3685 ³),

342 3723 461 3783 negare
483 3725 547 3770 non
570 3710 705 3770 debebat
728 3710 844 3770 (lisele
868 3710 902 3769 in
921 3709 1066 3783 Ebelingl
1086 3708 1204 3770 Lexico
1228 3709 1408 3770 Homerico.
1434 3709 1492 3768 ilat
1515 3708 1612 3782 igitur

345 3810 552 3887 exsultantis,
576 3809 751 3888 illudentis,
774 3811 916 3885 graviter
939 3809 1082 3871 ferentis.
1106 3809 1140 3870 Ε.
1164 3825 1194 3883 g.

431 3912 456 3972 Θ
476 3913 540 3972 448
560 3909 597 3972 οὐ
618 3909 672 3990 μέν
693 3916 756 3990 θην
774 3905 912 3991 ’κάμετόν
928 3933 960 3992 γε
979 3912 1122 3972 noudum
1133 3913 1351 3988 cericdcsceeec
1368 3913 1446 3989 calte,
1458 3907 1610 3988 opinari).

374 4093 393 4160 ¹)
409 4098 521 4144 Ductaru
543 4109 558 4142 a
579 4095 668 4156 stirpe,
692 4108 760 4154 qnae
784 4097 861 4143 etiarn
881 4095 1033 4156 particulam
1050 4112 1089 4142 aar
1106 4089 1158 4158 (κα)
1176 4095 1283 4157 peperit,
1301 4114 1329 4142 κο
1345 4093 1500 4160 (regma).
1518 4097 1612 4143 Dubito

339 4177 424 4223 iernen
441 4189 472 4222 an
490 4173 632 4222 almllitndo
650 4173 757 4221 loriuita
773 4186 820 4220 noa
839 4173 920 4230 lallat,
938 4173 1112 4232 copulativam
1138 4175 1224 4220 antem
1244 4188 1267 4220 a·
1283 4168 1349 4236 (que)
1366 4175 1470 4222 aliunde
1488 4175 1523 4222 eit
1539 4187 1611 4234 repe·

338 4253 451 4301 tendum.
469 4255 559 4302 Nonne
578 4252 681 4298 diversa
698 4255 726 4298 et
743 4255 828 4298 umen
846 4251 988 4298 consimilia
1006 4253 1066 4297 euni
1083 4251 1108 4297 dt
1125 4253 1203 4296 aerea
1223 4252 1250 4298 et
1267 4252 1292 4299 tt
1310 4265 1396 4313 amet,
1413 4252 1514 4310 syllaba
1528 4253 1611 4300 iinalia

337 4339 393 4380 -dee
409 4329 521 4394 (=dr1e)
537 4332 723 4392 particularum
739 4329 881 4377 Atticarum
902 4328 1469 4389 dicaediscedesstanissaum-devotiginarn
1480 4330 1611 4378 indicans?

372 4405 391 4474 ²)
415 4411 486 4457 Idem
518 4410 588 4457 valet
616 4409 650 4455 de
683 4411 745 4457 locis
771 4409 814 4456 nbi
851 4405 987 4454 Theocritus
1012 4407 1112 4467 epicam
1139 4407 1206 4454 bano
1231 4407 1383 4467 particulam
1409 4423 1471 4456 snos
1497 4410 1523 4458 in
1549 4421 1611 4456 neue

338 4489 478 4536 transtulit.

370 4565 393 4634 ⁸)
411 4569 522 4628 „Giring
539 4582 555 4617 a
572 4566 692 4626 rnoolriug
709 4579 738 4613 or
755 4565 860 4615 ironicai
879 4567 965 4614 iorce”
984 4567 1072 4614 bionru
1089 4567 1164 4614 Hom.
1182 4562 1308 4616 Gramm.¹
1326 4567 1340 4626 5
1358 4568 1414 4616 tta.

371 4645 390 4707 4)
409 4649 447 4696 De
472 4649 553 4696 altera
579 4648 690 4694 lectione
716 4649 744 4694 od
768 4647 811 4706 pir
834 4664 875 4693 aas
899 4649 1000 4706 κάμινον
1026 4665 1051 4706 γι
1075 4649 1187 4705 nugatur
1209 4647 1360 4695 Eustatlrlua
1377 4647 1411 4694 ad
1428 4647 1497 4695 buno
1516 4648 1609 4706 locum,

338 4727 438 4788 Amisia
463 4731 490 4776 et
515 4727 682 4776 Oreteneibne
708 4725 861 4788 particulam
886 4741 927 4771 νον
950 4747 983 4770 =
999 4741 1034 4772 eor
1060 4725 1192 4786 propriam
1221 4725 1301 4774 iubae
1327 4725 1360 4774 de
1386 4739 1434 4774 ano
1460 4727 1608 4789 perhibere.
