4272 5792
1134 544 1177 590 xi.

526 717 607 780 Hinc
629 716 661 778 iu
684 718 802 779 recenti
826 719 907 778 satis
930 717 1040 779 Iliadis
1061 717 1202 794 episodio
1227 719 1251 776 z
1272 717 1334 778 169
1354 718 1628 777 commemoratur
1647 713 1785 789 epistula

526 818 659 895 reluere,
693 833 790 894 quarn
824 818 1059 894 Bellerophonti
1093 817 1180 879 dedit
1214 816 1350 878 Proetus
1384 815 1567 878 corinthius
1598 817 1638 878 ad
1670 815 1785 888 Lyciae

525 932 636 990 regem
659 919 790 979 Iobaten
815 917 1053 992 perferendam:

981 1011 1083 1094 ’πόρεν
1107 1010 1136 1074 δ’
1164 1013 1181 1075 3
1202 1035 1234 1096 γε
1257 1013 1372 1091 σήματα
1393 1013 1497 1095 λυγρὰ,

762 1115 936 1198 γράψαςηέν
960 1116 1062 1176 πίνακι
1086 1125 1202 1200 πτυκτῷ
1225 1115 1413 1195 θυμοφθόρα
1436 1115 1537 1176 πολλά.

523 1217 655 1290 Πτοκτὸς
684 1220 735 1279 hic
764 1236 860 1295 quern
892 1222 987 1295 pcets
1016 1219 1094 1279 dicit
1123 1217 1212 1290 πίναξ
1250 1219 1327 1292 quin
1358 1219 1434 1279 talis
1464 1218 1531 1279 iere
1561 1219 1657 1279 luerit
1688 1217 1785 1290 δέλτος

521 1319 639 1392 duplex
668 1320 737 1379 sive
767 1319 917 1396 δίπτυχον,
945 1318 1093 1392 qualibus
1123 1316 1315 1392 posteriores
1346 1319 1385 1378 sd
1417 1317 1574 1392 epistulas
1599 1319 1785 1378 scribendas

520 1416 667 1477 solebant
695 1418 754 1492 uti,
785 1417 958 1490 pugillares
988 1418 1077 1476 intus
1107 1430 1182 1476 cera
1207 1416 1339 1490 inducti,
1365 1416 1419 1488 qui
1442 1415 1624 1490 complicati
1648 1417 1682 1476 et
1705 1417 1783 1478 obsi·

522 1516 609 1588 gnati
640 1515 889 1591 perforabantur,
920 1515 1051 1576 dubium
1083 1530 1145 1574 non
1169 1515 1313 1588 videtur;
1337 1515 1394 1574 sed
1418 1513 1538 1574 talibus
1561 1515 1669 1574 verbis
1691 1516 1784 1589 poeta

522 1614 623 1673 utitur
652 1616 707 1674 ubi
725 1616 821 1675 huius
840 1614 964 1684 πίνακος
986 1615 1181 1674 mentionem
1202 1612 1289 1688 iacit,
1308 1614 1345 1671 ut
1364 1613 1499 1672 minime
1519 1612 1687 1686 vulgatum
1708 1615 1784 1673 tunc

522 1714 676 1788 temporis
701 1714 802 1776 misse
826 1715 1041 1789 epistularum
1061 1727 1157 1772 usum
1180 1712 1358 1774 luculenter
1381 1714 1534 1788 appareat
1556 1710 1585 1782 ¹).

566 1814 664 1890 Epicu
686 1816 797 1876 autem
821 1813 966 1875 carmine
988 1815 1123 1888 quando,
1144 1813 1208 1888 ubi,
1232 1828 1252 1872 a
1274 1813 1390 1886 quihus
1413 1813 1553 1886 primum
1577 1815 1697 1889 scripto
1719 1816 1786 1875 sint

522 1916 685 1990 mandata,
706 1916 810 1976 dicere
831 1916 988 1976 hactenus
1005 1927 1100 1974 nemo
1116 1912 1342 1988 peruicerunt
1362 1913 1490 1986 quidem
1511 1915 1636 1974 certum
1650 1915 1785 1991 videtur,

522 2015 555 2074 in
590 2030 662 2074 eam
697 2029 794 2087 quam
829 2015 981 2074 novimus
1013 2012 1152 2072 turmam
1184 2026 1222 2071 ea
1253 2012 1397 2071 carmina
1426 2013 1549 2072 sensim
1583 2012 1691 2086 effingi
1722 2029 1785 2074 non

525 2113 667 2187 potuisse
691 2115 761 2174 sine
784 2114 965 2174 litterarum
989 2127 1057 2186 ope.
1080 2113 1193 2184 Itaque
1216 2126 1387 2171 sumamus
1409 2113 1535 2186 oportet
1557 2111 1590 2170 in
1614 2113 1711 2172 Asiae
1730 2127 1787 2172 crs

526 2214 714 2274 occidentali
733 2207 755 2282 ²)
774 2215 871 2288 atque
889 2213 1004 2274 insulis
1022 2211 1242 2274 adiacentibus
1263 2207 1283 2281 ³)
1303 2211 1432 2273 soeculo
1451 2212 1517 2272 iere
1535 2211 1636 2288 V1110,
1649 2212 1786 2274 tortasse

526 2316 625 2376 etiam
638 2314 802 2390 aliquanto
811 2315 909 2391 prius,
923 2314 1072 2375 extitisse
1083 2314 1202 2388 scripta
1214 2313 1394 2374 carminum
1404 2313 1564 2388 epicorum
1578 2314 1785 2389 exemplaria,

524 2431 607 2492 quae
631 2417 700 2479 sire
724 2419 829 2478 totum
854 2432 933 2492 opus
955 2419 1138 2492 utrumque,
1162 2415 1233 2476 sive
1252 2414 1386 2476 alterius
1409 2415 1514 2476 utrius
1532 2416 1641 2490 partos
1662 2415 1785 2489 aliquas

524 2517 822 2594 complecterentur.
852 2517 1006 2580 credibile
1023 2519 1133 2578 autem
1156 2517 1207 2577 est
1228 2531 1292 2578 non
1315 2520 1462 2580 cantmes
1484 2520 1612 2578 tantum
1637 2517 1787 2578 menibus

523 2633 562 2678 sa
586 2633 734 2679 remeses
758 2633 898 2692 suosque
918 2619 950 2678 ln
977 2632 1057 2678 usus
1080 2617 1273 2692 adhibuisse,
1297 2617 1353 2678 sed
1376 2621 1411 2679 et
1432 2618 1513 2679 aiios
1534 2651 1574 2662 -
1595 2632 1715 2693 paucos
1741 2620 1785 2678 ts·

525 2732 611 2796 men,
636 2718 806 2793 opinor-
828 2733 901 2780 aere
924 2733 983 2779 suo
1005 2716 1066 2777 sibi
1089 2731 1221 2792 parasse
1244 2719 1281 2778 ui
1304 2717 1405 2780 oculis
1426 2718 1496 2779 suis
1520 2720 1722 2792 usurparent.

566 2819 627 2880 Sed
663 2819 701 2880 ds
734 2819 786 2880 his
816 2819 906 2882 libris
934 2819 1024 2881 nulla
1053 2833 1136 2892 quae
1165 2818 1295 2892 quidem
1325 2813 1387 2880 lide
1417 2819 1514 2894 digna
1543 2819 1587 2879 sit
1608 2820 1724 2880 notitia
1746 2819 1785 2880 ad

522 2935 582 2980 nos
614 2921 768 2996 pervenit,
798 2921 907 2994 itaque
938 2919 1083 2994 praestat
1113 2920 1305 2980 coniecturis
1334 2921 1373 2980 de
1403 2920 1445 2980 iis
1466 2935 1529 2980 non
1552 2919 1725 2994 indulgere.
1749 2921 1785 2980 In

522 3021 631 3082 Attica
661 3022 794 3081 demum
823 3035 905 3093 quae
936 3020 1003 3081 iata
1034 3021 1204 3081 habuerint
1230 3020 1375 3080 carmina
1398 3019 1579 3094 Homerica,
1604 3021 1786 3081 accuratius

521 3121 684 3193 aliquanto
708 3153 749 3164 -
773 3134 833 3179 nec
855 3123 965 3179 tamen
989 3119 1071 3178 satis
1095 3121 1244 3178 accurate
1269 3151 1309 3161 -
1330 3119 1406 3178 iicet
1424 3120 1607 3179 resciscere.
1631 3121 1668 3179 In
1688 3133 1785 3192 quam

520 3219 683 3290 regionem
707 3232 727 3277 a
749 3217 864 3278 Solone
883 3217 1042 3277 translata
1064 3231 1136 3277 esse
1159 3217 1315 3291 teruntur,
1339 3218 1395 3277 sed
1419 3216 1539 3277 rectius
1561 3217 1682 3277 dixeris
1702 3216 1785 3278 Solo·

521 3331 596 3376 nem
627 3317 773 3377 carmina
802 3315 892 3391 spica
921 3315 1042 3376 dudum
1066 3315 1099 3374 in
1124 3315 1233 3375 Attica
1254 3315 1383 3388 cognita
1408 3315 1529 3376 maiore
1554 3318 1653 3377 etiarn
1677 3318 1711 3376 in
1734 3318 1786 3377 ho·

521 3431 597 3478 nore
629 3416 803 3478 collocasse
822 3418 854 3486 ί).
890 3415 1052 3476 Pisistrati
1082 3415 1194 3475 autem
1218 3415 1421 3488 liliorumque
1445 3418 1601 3493 ternpore,
1626 3431 1702 3477 oum
1725 3417 1786 3478 cui·

522 3647 617 3696 „prope
642 3634 765 3692 cogimur,
790 3635 819 3680 ot
843 3632 944 3680 etiamsi
968 3633 1069 3680 litteras
1093 3636 1153 3681 ante
1178 3633 1317 3682 Homerum
1336 3633 1362 3680 in
1379 3635 1513 3682 Graeclam
1532 3635 1684 3696 importatae
1701 3640 1787 3684 essem

522 3725 634 3773 ,omnen
659 3715 744 3760 tamen
768 3711 915 3759 laenitatem
932 3713 959 3759 et
975 3725 1050 3758 usum
1076 3725 1163 3760 urum
1181 3724 1263 3772 usque
1281 3711 1312 3759 ad
1330 3713 1402 3759 initia
1419 3714 1598 3777 olympiadum
1616 3717 1670 3763 iere
1687 3717 1786 3764 nulium

522 3792 618 3849 ,iulus
636 3790 797 3838 credamna”

555 3868 575 3935 ¹)
592 3871 658 3918 ilino
681 3869 834 3918 dubitarunt
854 3870 929 3918 mulii
948 3883 1010 3918 num
1034 3870 1066 3917 de
1084 3871 1151 3918 reris
1167 3871 1262 3918 litteris
1279 3871 1398 3931 loquatur
1415 3876 1499 3934 posta,
1516 3873 1693 3933 imagunculae
1710 3885 1786 3933 quaa·

522 3948 581 3996 dam
607 3949 648 3998 rai
673 3953 748 3996 uem
772 3949 926 4009 symbolicas
949 3949 976 3996 in
998 3949 1169 4011 pugillaribus
1191 3962 1207 3997 a
1228 3951 1320 3998 Proeto
1341 3953 1457 3998 exaratae
1478 3951 1787 4015 mascemutinas

521 4027 692 4086 assumtus.
713 4031 755 4076 oui
772 4028 923 4090 adstipulati
940 4031 1002 4077 sunt
1018 4029 1086 4078 Woii
1102 4029 1214 4092 (Proicg.
1232 4043 1257 4091 p.
1276 4031 1307 4078 tt
1324 4029 1392 4094 sqq.)
1410 4032 1511 4092 aliique.

554 4106 576 4173 ¹)
593 4109 668 4157 Asiae
690 4121 761 4156 oram
784 4106 912 4156 incolebat
934 4113 1010 4170 posta
1032 4109 1077 4170 qui
1101 4111 1208 4157 iioroam
1226 4113 1253 4158 et
1271 4110 1415 4171 zephyrum
1433 4117 1522 4160 ventos
1538 4128 1554 4162 ο
1571 4115 1680 4162 Thracia
1697 4115 1787 4162 hanua

521 4189 594 4238 iittua
610 4190 669 4250 aiga
686 4192 849 4237 consternere
866 4190 957 4242 ceoirrit
976 4198 987 4238 i
1005 4191 1019 4236 b
1036 4205 1093 4250 sqq.

556 4267 576 4328 1ί
593 4269 730 4316 Hominem
749 4269 903 4324 insulanum,
921 4270 966 4328 qui
983 4270 1008 4316 in
1025 4269 1081 4318 onii
1099 4269 1207 4318 Lesbire
1224 4283 1269 4316 ora
1285 4271 1436 4318 occidentali
1454 4273 1558 4326 vireret.
1575 4273 1687 4334 prodere
1701 4275 1787 4321 riden-

522 4352 564 4396 tur
589 4361 657 4407 quae
684 4351 711 4394 Ψ
730 4349 778 4396 aui
801 4348 826 4394 ii
850 4349 880 4394 lt
903 4346 936 4394 de
954 4347 1008 4393 acle
1025 4360 1104 4406 supra
1121 4361 1191 4395 mare
1208 4349 1323 4407 surgenti
1341 4349 1473 4408 legentum
1491 4353 1586 4410 quibua
1606 4353 1669 4400 louis
1686 4356 1788 4412 poetam

522 4439 552 4472 sa
568 4426 675 4486 pingere
693 4427 803 4484 apparat
819 4437 887 4485 quae
904 4425 961 4485 ipae
978 4426 1038 4471 ante
1056 4423 1145 4471 oculos
1159 4424 1257 4472 habere
1270 4425 1425 4475 aristotili.
1441 4429 1525 4488 Bergk
1541 4431 1585 4477 Gr.
1602 4431 1663 4478 Litt.
1676 4431 1714 4491 Ip
1732 4433 1788 4478 llil.

555 4499 577 4568 ⁴)
594 4504 633 4552 Oi.
651 4503 722 4552 weit
736 4503 836 4564 Prdlsg.
855 4516 881 4564 p.
905 4503 953 4550 liu
962 4513 970 4559 ἦ
990 4503 1019 4548 rh
1041 4501 1140 4568 Ὁμήρου
1157 4501 1179 4556 i}
1196 4504 1310 4566 ὑποβολῆς
1327 4504 1425 4570 γίγροφι
1443 4508 1616 4572 ῥαψῳδεῖσθαι,
1634 4505 1683 4556 eice
1699 4509 1788 4556 duaci

521 4591 611 4646 aphrae
635 4581 711 4642 hasar
736 4585 826 4630 lason
851 4582 971 4644 ἅρχοσθοο
998 4581 1039 4629 οὖν
1064 4583 1182 4642 Ipsarum.
1207 4581 1314 4640 Diogen.
1340 4583 1424 4631 huri.
1459 4585 1471 4630 I
1492 4587 1533 4634 bi.
1557 4587 1658 4634 &ionia
1674 4587 1788 4646 aeqmlia

523 4660 668 4709 Olinthum
684 4660 819 4721 Sicyonius
836 4661 962 4723 ῥαψῳδοὺς
979 4661 1065 4709 incude
1082 4665 1106 4708 dr
1122 4663 1220 4708 Xrav'em
1236 4663 1391 4719 ἀγωνίζεσθαι
1408 4657 1513 4724 (Herod.
1531 4667 1551 4714 V
1572 4666 1623 4728 iii).
