3934 5706
329 765 347 838 S
370 769 423 840 61]
926 767 990 826 205

327 953 500 1028 pristinam
530 969 625 1015 suam
656 954 794 1014 formam
826 954 961 1014 servant
988 951 1039 1024 (ci.
1064 952 1082 1021 5
1108 955 1148 1024 7).
1172 951 1208 1013 Π.
1230 969 1260 1028 ς.
1283 951 1354 1025 νόος
1381 949 1493 1026 'tritt
1518 963 1601 1031 νοος,

328 1050 448 1111 κάνεεον
479 1056 507 1122 (κ
531 1053 606 1121 355)
637 1053 706 1112 slve
736 1049 844 1111 κάνεον
875 1051 944 1112 Att.
973 1057 1098 1127 κανοῦν,
1120 1045 1223 1111 ὀστέον
1246 1053 1314 1112 Att.
1338 1047 1456 1130 ὀστοῦν,
1477 1052 1599 1132 χρύσεος

329 1151 396 1212 Att.
428 1159 566 1228 χρυσοῦς,
595 1151 714 1222 ελένολοος
743 1153 812 1212 Act.
837 1150 970 1227 ύισλσύς,
991 1149 1163 1231 χειμάρροος
1186 1153 1231 1222 (Ν
1254 1152 1327 1223 138)
1351 1152 1421 1214 slve
1444 1141 1599 1231 χειμάροος

328 1253 367 1321 (Δ
386 1253 449 1311 452
476 1253 503 1308 Ε
526 1252 568 1311 88
593 1257 622 1309 Λ
646 1252 721 1320 lite)
752 1252 820 1313 Ati.
843 1250 1027 1329 χειμάρρους.

372 1352 409 1411 In
432 1353 525 1413 textu
549 1353 666 1414 tradito
689 1368 752 1414 non
775 1351 928 1430 χειμάροος
951 1373 1030 1429 -ροσι
1048 1349 1122 1435 -ρόρο
1145 1351 1295 1427 legiturl.
1309 1352 1330 1414 l.
1350 1354 1407 1414 sed
1422 1351 1598 1432 χειμάρρους

328 1471 407 1527 -ρροι
437 1471 529 1535 -ρρῳς
561 1453 747 1513 emendavit
778 1453 811 1512 P.
825 1452 949 1525 Knight
971 1450 1004 1522 ²).
1037 1452 1208 1512 Praeterea
1238 1453 1469 1514 correctionem
1497 1455 1597 1527 requi-

328 1552 403 1610 runt
426 1549 558 1611 Πάνθου
582 1551 700 1634 Πάνθῳ
726 1555 751 1610 P
771 1553 801 1628 9,
827 1553 879 1626 23,
903 1553 955 1628 40,
977 1553 1018 1612 59
1044 1567 1064 1612 a
1084 1553 1284 1613 nominativo
1304 1551 1450 1624 Πάνθους
1469 1555 1499 1611 Γ
1517 1555 1596 1627 143,

328 1667 422 1712 veras
451 1653 606 1714 lectiones
629 1667 702 1714 esse
725 1650 875 1712 Πονθόου
899 1655 932 1712 et
956 1649 1092 1735 Πανθόῳ
1115 1653 1236 1714 evincit
1259 1655 1412 1730 metrum,
1431 1654 1472 1714 cl.
1497 1655 1515 1724 5
1544 1654 1594 1714 14.

327 1753 364 1813 ln
387 1751 493 1827 έυξόον
519 1770 592 1815 vero
618 1754 668 1814 vel
691 1751 779 1826 έάξου
802 1755 831 1812 li
855 1754 918 1814 373
942 1753 1102 1827 synizesls
1124 1753 1174 1814 vei
1195 1754 1372 1815 contractio
1391 1755 1597 1830 probabiliter

328 1856 396 1916 tolli
431 1857 551 1933 nequit,
588 1872 684 1931 «luem
721 1857 836 1918 vitiose
870 1856 968 1930 igitur
1003 1856 1159 1917 traditum
1193 1871 1266 1918 esse
1300 1872 1433 1919 versum
1463 1861 1598 1934 apparet

328 1957 397 2020 coll.
422 1982 441 2016 ο
468 1959 529 2019 128
554 1961 578 2018 B
603 1960 668 2021 390
691 1963 751 2021 etc.

370 2149 542 2211 Terminus
572 2171 654 2228 -ειος,
688 2165 750 2224 quo
784 2151 941 2226 posterior
975 2149 1086 2225 lingua
1120 2149 1153 2210 in
1188 2149 1229 2209 ils
1264 2150 1393 2210 tantum
1428 2151 1597 2212 adiectivis

327 2251 478 2312 utebatur
510 2267 592 2324 quae
623 2253 721 2314 ducta
751 2253 829 2312 sunt
860 2252 899 2312 ab
923 2251 1140 2312 animantium
1164 2251 1350 2312 nominibus
1373 2253 1444 2314 sive
1467 2268 1595 2328 genera-

326 2350 411 2412 libus
440 2353 510 2413 sive
541 2354 685 2429 propriis,
717 2369 744 2414 e.
767 2369 798 2426 g.
822 2351 989 2432 γυνσέκειος
1023 2355 1049 2422 (λ
1073 2353 1159 2427 437),
1191 2350 1334 2428 dalilam,
1364 2350 1491 2430 έκνιειος,
1512 2349 1597 2431 ἡμιό-

325 2473 403 2525 νεισς
427 2455 455 2526 (ζ
474 2455 536 2528 72),
558 2453 677 2533 αἴγειος,
699 2452 808 2531 βύειος,
829 2452 957 2529 κύνειος,
979 2451 1123 2531 ταύρειος,
1141 2445 1350 2530 Ἠρακλεέειος
1372 2455 1421 2524 (ci.
1445 2455 1463 2525 5
1488 2457 1540 2527 73)
1563 2461 1596 2531 1),

326 2553 357 2613 ln
389 2555 528 2616 dictione
559 2556 648 2630 epica
678 2556 826 2631 proprius
850 2555 901 2615 est
924 2555 1023 2616 etiam
1044 2554 1213 2615 adiectivis
1237 2554 1408 2614 materiem
1431 2556 1596 2616 indicanti·

326 2653 386 2714 bus
415 2655 549 2733 χρύσειος
571 2655 703 2734 χάλκειος
727 2655 883 2734 σιδήρειος.
907 2655 968 2716 Sed
992 2670 1055 2715 non
1080 2655 1189 2714 minus
1211 2654 1395 2726 frequenter
1417 2657 1541 2717 iormae
1564 2658 1596 2718 in

325 2773 395 2827 -εος,
425 2771 562 2828 quarum
594 2757 794 2831 paenultima
825 2757 971 2830 correpta
1006 2757 1058 2816 est
1086 2755 1265 2816 secundum
1295 2755 1400 2828 legem
1432 2771 1531 2828 quam
1562 2757 1596 2816 in

325 2852 407 2921 §17
439 2858 659 2934 exposuimus,
689 2873 745 2932 pro
775 2870 984 2917 numerorum
1016 2854 1255 2930 opportunitate
1284 2856 1487 2930 reperiuntur
1509 2855 1594 2916 adbl·

325 2953 428 3018 bitae:
447 2956 568 3035 χρύσεος
587 2955 706 3035 χάλκεος
726 2955 860 3036 σιδήρεος
879 2952 1022 3036 ἀργύρεος
1041 2945 1208 3035 μαρμάρεσς
1228 2944 1354 3028 κῦάνεος
1367 2957 1395 3029 (ἐ
1408 2958 1472 3035 21),
1484 2955 1585 3029 λέθεος

322 3054 441 3134 βρότεος
471 3063 497 3131 (ε
527 3060 613 3135 545),
642 3059 749 3139 αἴγεος,
779 3058 875 3139 βόεος,
896 3058 1011 3134 κύνεος,
1041 3057 1153 3138 χοίρεος
1176 3058 1202 3130 (ξ
1226 3059 1289 3134 81),
1317 3052 1482 3138 Ἑκτόρεος,
1504 3062 1538 3121 et
1560 3061 1593 3121 in

322 3157 478 3222 feminino
496 3177 612 3235 genere
636 3159 860 3240 Ἀχαμεμνονέη,
882 3157 1041 3239 Νεστορέῃ,
1067 3157 1168 3238 λοκέρ,
1189 3157 1349 3239 ισσρύαλέη.
1374 3159 1595 3236 Comparanda

323 3262 375 3321 est
408 3262 549 3324 nominis
579 3263 776 3324 substantivi
807 3260 952 3339 συφε(ι)ός
982 3263 1064 3324 berc
1094 3263 1199 3323 iorma
1229 3261 1348 3338 duplex
1370 3260 1454 3335 (eda
1476 3284 1495 3320 ν
1519 3263 1594 3339 389,

322 3360 383 3434 -εός
406 3384 424 3422 κ
448 3365 523 3442 238,
547 3366 611 3426 320
636 3365 650 3438 ξ
677 3368 727 3443 13,
755 3367 818 3436 73).

366 3465 532 3528 Dissimile
566 3467 618 3528 his
648 3469 699 3530 est
725 3466 831 3545 κήδους
864 3483 921 3542 pro
951 3465 1068 3545 κήθειος
1104 3468 1138 3525 Ψ
1169 3467 1241 3542 160,
1274 3481 1294 3527 ε.
1324 3465 1530 3526 substantivo
1561 3461 1594 3525 τὸ

322 3567 425 3648 κῆδος,
446 3571 474 3631 sl
497 3570 545 3632 ita
563 3569 820 3646 interpretandus
840 3570 891 3632 cst
909 3569 963 3631 ille
985 3571 1085 3632 locus.
1106 3570 1217 3644 licque
1236 3569 1300 3630 huc
1319 3567 1524 3630 referendum
1544 3568 1595 3630 est

322 3669 565 3732 substantivum
589 3667 608 3750 ι)
631 3667 723 3751 κυνέη
745 3673 835 3749 polea
858 3673 936 3746 (Att.
960 3677 1058 3751 κυνῆ),
1083 3673 1176 3734 cuius
1198 3671 1322 3733 incerta
1345 3672 1397 3732 eat
1415 3669 1513 3748 origo,
1537 3671 1594 3732 aad

323 3770 355 3833 id
385 3773 514 3847 quidem
546 3791 626 3836 usus
656 3775 848 3838 Homericus
875 3775 1054 3838 luculenter
1081 3775 1184 3852 docet,
1216 3790 1280 3835 non
1304 3789 1376 3836 esse
1399 3773 1591 3834 femininum

324 3874 474 3937 adiectivi
497 3876 636 3950 νύνε(ι)ος
658 3879 801 3954 corticata,
825 3879 908 3952 quod
930 3880 1088 3954 putabant
1110 3878 1247 3938 veteres.

368 3977 495 4038 Formis
518 3979 624 4053 qualis
647 3981 699 4040 eat
721 3976 874 4060 άργύρειος
897 3981 988 4042 locus
1012 3981 1046 4041 iu
1067 3980 1258 4040 hexametro
1284 3993 1348 4040 non
1372 3979 1451 4037 erat.

369 4177 406 4237 In
430 4179 522 4239 textu
547 4180 664 4241 tradito
688 4180 832 4255 syllabae
854 4203 919 4242 -εον
942 4177 994 4266 -lp
1017 4185 1078 4244 etc.
1101 4182 1181 4243 locis
1205 4181 1329 4253 aliquot
1350 4195 1406 4254 per
1428 4177 1593 4252 aynizesin

325 4277 506 4352 confluunt3
531 4278 569 4340 ci.
593 4279 611 4348 0
635 4281 665 4340 8.
689 4280 813 4356 Nempe
836 4283 865 4338 A
886 4283 936 4357 13,
961 4283 1025 4343 374
1049 4276 1161 4364 χρυσέῳ
1180 4277 1239 4338 άνά
1257 4278 1381 4350 (Nauclr
1400 4274 1512 4362 χρυσέῳ
1531 4273 1591 4352 dv),

326 4383 356 4438 Ε
379 4384 442 4443 387
466 4380 575 4468 χαλκέῳ
598 4377 627 4443 δ’
653 4381 685 4444 ἐν
709 4383 782 4459 (leg.
797 4383 921 4472 ’χαλκέῳ
940 4383 994 4464 έν),
1012 4387 1035 4445 Β
1056 4361 1264 4464 49οχάλκεον
1287 4382 1320 4444 δέ
1343 4405 1394 4462 μοι
1424 4385 1496 4458 (leg.
1511 4383 1592 4462 ’χάλ-

325 4509 406 4549 κειον
430 4485 481 4567 δ’),
512 4466 628 4551 2322
660 4488 719 4551 ὄντα
748 4487 874 4591 χαλκέην
900 4494 975 4554 Zeu.
1000 4491 1133 4570 (χάλκεον
1155 4466 1277 4568 Arist),
1301 4492 1376 4569 neo
1399 4492 1515 4591 χάλκεοι
1537 4487 1592 4567 μὲν

360 4676 378 4740 Ι)
396 4681 466 4730 Unus
484 4695 575 4729 versus
591 4700 606 4731 ε
624 4683 672 4729 elo
690 4683 825 4742 repugnat,
841 4683 915 4747 αὐτὰρ
933 4689 990 4736 νοῦς,
1008 4680 1053 4729 nbi
1070 4683 1128 4728 dili
1146 4683 1197 4736 νάσς
1213 4681 1352 4743 legandum
1369 4693 1427 4728 asna
1444 4681 1553 4728 ridetur.

357 4759 378 4822 1)
398 4762 435 4810 Oi.
452 4765 566 4827 χιιμάρον
585 4763 645 4810 Ηεο.
663 4761 740 4822 Οροε.
757 4762 815 4822 lile,
832 4765 951 4826 Χεέμυρος
966 4763 1044 4820 (noni.
1061 4762 1158 4822 propr.)
1175 4761 1201 4808 ln
1218 4761 1334 4822 inscript
1352 4761 1426 4808 boor.
1444 4761 1508 4808 1433
1526 4759 1590 4809 οολλ.

357 4837 378 4900 ¹)
395 4843 452 4890 lino
469 4843 583 4903 pertinet
598 4843 705 4907 λνσέριιος
729 4841 744 4888 λ
762 4841 819 4898 lille,
836 4854 895 4889 narn
908 4841 1006 4907 Ὀνορος
1025 4841 1122 4904 proprii
1140 4841 1251 4889 nominis
1268 4841 1318 4888 rim
1336 4841 1437 4888 oblinet
1453 4841 1591 4902 compluti·

325 4920 373 4970 bus
390 4921 453 4971 lools
470 4922 619 4971 llornorioia.
