3952 5700
394 765 412 834 5
435 761 467 836 8]
1010 759 1050 822 47

393 951 455 1012 buc
489 951 629 1026 iaciunt;
661 951 769 1012 Attice
800 950 888 1012 enim
918 948 947 1010 si
980 947 1174 1024 proferimus
1204 948 1386 1024 Attiolsque
1401 952 1529 1035 ¹litteris
1552 969 1662 1020 exara·

393 1068 478 1131 mua,
510 1052 593 1115 liunt
623 1053 825 1128 ΣΚΙὈΝΤΑ,
848 1051 878 1112 id
903 1052 956 1112 esi
982 1057 1122 1110 omodvcu
1145 1052 1203 1112 11111
1225 1059 1363 1130 carbaso,
1384 1055 1445 1116 eiu.
1471 1089 1512 1099 -
1537 1056 1663 1120 Similia

394 1153 504 1215 ualent
534 1155 572 1216 de
603 1154 683 1216 locis
713 1153 827 1228 quales
861 1154 939 1213 sunt
969 1174 990 1228 μ
1014 1153 1079 1211 210
1112 1150 1180 1210 ensa
1211 1147 1399 1230 1ν1111ῆι,χ
1423 1154 1663 1218 4601111111

393 1252 511 1314 στείνειε
540 1255 644 1315 scribe
663 1254 782 1315 Atticis
801 1253 920 1313 litteris
940 1253 973 1311 et
996 1250 1095 1311 babes
1116 1251 1206 1310 ΕΛΕ
1223 1252 1305 1310 ΕΝΙ
1320 1254 1431 1312 Sillii
1448 1256 1482 1313 et
1502 1256 1624 1316 ΕΛΟΝ
1642 1254 1664 1326 ¹)

394 1355 456 1412 ΕΝ
483 1354 658 1429 ΣΤΕΝΕΙ,
681 1386 721 1395 -
747 1368 787 1413 en
819 1351 962 1412 emicant
991 1364 1030 1410 ea
1056 1351 1128 1425 ipsa
1156 1365 1238 1422 quae
1261 1351 1393 1413 dederat
1416 1353 1527 1427 poeta:
1548 1349 1663 1416 ’litteo

393 1450 435 1512 ivi
460 1450 542 1514 σπὲεϊ
563 1456 597 1515 et
615 1448 735 1514 ’iiiior
758 1449 803 1512 tvi
826 1449 921 1511 στένεϊ
942 1453 975 1521 ²).

435 1555 524 1618 Haec
554 1555 664 1618 omnia
692 1557 747 1629 qui
779 1569 891 1616 secum
921 1552 1128 1630 reputaverit,
1156 1567 1220 1614 non
1244 1554 1403 1615 dubitabit
1425 1556 1503 1629 quin
1527 1557 1661 1638 iormae,

391 1649 472 1733 uuae
492 1659 562 1720 sine
583 1657 801 1722 contractione
822 1673 842 1717 a
860 1656 964 1732 poetis
983 1654 1082 1730 epicis
1100 1655 1248 1730 usurpari
1269 1655 1405 1732 soleant,
1426 1658 1480 1719 ubi
1493 1665 1662 1723 occultant

392 1763 585 1836 contractae,
629 1761 781 1822 hodierno
826 1758 940 1820 editori
985 1758 1052 1818 sint
1096 1757 1321 1819 dissolvendae
1360 1759 1389 1820 si
1422 1775 1478 1836 per
1519 1765 1662 1826 metrum

391 1862 494 1923 liceat.
529 1863 619 1923 Licet
653 1863 764 1923 autem
799 1861 878 1922 locis
909 1859 1003 1933 longe
1034 1859 1193 1935 plurimis,
1226 1875 1289 1921 non
1320 1862 1432 1936 paucis
1459 1865 1570 1924 autem
1597 1881 1662 1927 me·

391 1965 477 2023 trum
520 1967 649 2037 apertas
690 1963 812 2023 formas
852 1977 916 2022 uon
960 1961 1105 2021 admittit
1146 1961 1254 2020 solum
1288 1963 1345 2022 sed
1380 1963 1481 2023 ctiam
1515 1966 1660 2043 flagitem

392 2064 429 2125 ci.
454 2065 472 2130 t
496 2065 526 2139 2,
554 2065 626 2138 147,
652 2065 724 2125 191.
758 2063 845 2138 Quae
878 2077 954 2123 vero
978 2062 1158 2135 repugnant
1180 2061 1214 2120 in
1238 2063 1408 2123 nominum
1433 2065 1571 2128 ilexiono
1594 2083 1660 2144 per·

391 2181 510 2240 paucae
544 2167 631 2241 sunt,
666 2180 725 2226 suo
760 2166 871 2226 autern
906 2165 974 2225 loco
1005 2163 1257 2224 recensebuntur
1286 2163 1388 2239 inira;
1423 2166 1456 2226 in
1490 2168 1660 2232 verborum

391 2267 527 2328 iiexione
571 2268 674 2328 multo
716 2267 826 2342 piures
866 2265 1006 2340 obstant,
1046 2279 1182 2338 quarum
1219 2264 1390 2339 pleraeque
1423 2269 1587 2341 pertinent
1620 2273 1660 2334 ad

392 2370 487 2430 verba
517 2384 653 2442 quorum
684 2368 776 2429 radix
809 2367 911 2430 vocali
939 2381 958 2424 n
984 2367 1188 2441 terminatur,
1211 2367 1350 2427 rariores
1374 2373 1452 2429 sunt
1473 2385 1556 2444 quae
1581 2373 1659 2435 derl-

391 2473 508 2530 vantur
537 2485 558 2530 a
587 2470 749 2530 radicibus
779 2469 813 2528 in
844 2466 990 2528 vocalem
1015 2473 1031 2525 ῑ
1061 2467 1292 2528 desinentibus.
1318 2467 1392 2528 Veri
1415 2469 1523 2533 simila
1546 2476 1658 2536 autem

391 2572 441 2630 est
471 2569 593 2631 talibus
627 2570 706 2632 iocis
737 2571 850 2644 poetas
880 2569 994 2629 formis
1026 2567 1065 2627 ad
1092 2567 1265 2627 flexionem
1289 2567 1322 2627 in
1352 2591 1399 2644 -μι
1432 2585 1514 2643 quae
1541 2573 1658 2635 dicitur

390 2670 624 2746 pertinentibus
665 2687 743 2733 usos
784 2685 866 2746 esse,
910 2685 1013 2744 neque
1047 2669 1145 2742 igitur
1179 2664 1281 2745 ὁρᾶται
1316 2664 1464 2746 ὁρώμενος
1499 2678 1658 2748 φιλεῦντας

391 2768 534 2853 ὠρχεῦντο
569 2773 752 2852 πονεύμενος
784 2775 817 2834 et
846 2771 968 2833 similia
998 2771 1120 2832 dixisse
1151 2769 1207 2831 sed
1239 2768 1341 2849 icam
1365 2769 1490 2850 (ὄρηται)
1514 2767 1658 2854 ὀρᾶμενος

390 2871 555 2954 (ὁρήμενος)
578 2873 715 2954 patiarne
740 2873 864 2954 ὤρχεντο
887 2872 1055 2953 πονήμενος
1079 2874 1151 2950 etc„
1183 2855 1306 2934 nilliam
1330 2874 1429 2949 igitur
1452 2874 1483 2935 in
1511 2877 1563 2938 his
1587 2894 1656 2940 con·

388 2979 580 3039 tractionem
603 2979 704 3039 fuisse
724 2977 812 3039 olim.
840 2976 950 3050 Neque
969 2976 1001 3036 in
1022 2975 1101 3051 ipsis
1123 2974 1321 3036 carminibus
1339 2975 1520 3040 Homericis
1540 2981 1658 3043 desunt

389 3077 514 3154 iudicia,
538 3079 655 3152 quibus
678 3079 758 3139 haec
781 3077 921 3151 suspicio
945 3076 1048 3151 possit
1069 3075 1268 3151 confirmem
1298 3077 1345 3136 sic
1367 3078 1527 3154 participii
1551 3081 1656 3142 forma

388 3178 512 3239 sincera
543 3181 577 3240 et
603 3178 789 3239 Aristarcho
817 3177 910 3238 unice
932 3176 1066 3250 probata
1089 3167 1176 3253 βιβὰς
1199 3177 1273 3248 (vid.
1298 3179 1329 3234 il
1354 3179 1417 3236 213
1443 3179 1476 3236 N
1497 3183 1558 3242 371
1585 3183 1656 3253 etc.)

388 3282 509 3354 passim
534 3283 661 3342 mutata
684 3283 736 3341 est
759 3281 791 3340 in
815 3279 920 3357 βιβῶν,
942 3279 976 3340 et
997 3277 1153 3352 gliscente
1177 3279 1358 3352 corruptela
1381 3281 1418 3337 M
1436 3281 1499 3340 277
1521 3283 1553 3343 in
1574 3285 1656 3361 βοῶν

389 3383 483 3458 abiit;
519 3385 631 3445 eodem
667 3399 774 3444 errore
806 3383 988 3443 Zenodotea
1018 3380 1162 3442 recensio
1192 3381 1362 3442 tenebatur
1396 3383 1421 3441 Ο
1451 3385 1525 3445 307.
1559 3385 1656 3450 Plura

389 3498 469 3556 quae
499 3487 563 3547 huc
592 3487 715 3547 iaciunt
744 3485 914 3546 videantur
943 3485 961 3554 ἓ
988 3486 1060 3545 195.
1092 3484 1247 3544 Attamen
1277 3498 1392 3558 parum
1424 3485 1534 3546 tutum
1558 3487 1656 3551 inerit

390 3584 518 3661 formas,
550 3587 662 3660 quales
693 3581 1161 3664 111111ὁράμενοςφιλὲντας,111
1185 3585 1315 3644 textum
1338 3584 1548 3648 Homericum
1572 3591 1654 3651 intu-

388 3685 480 3762 lisse;
512 3702 572 3749 nos
603 3689 690 3750 certe
720 3687 791 3749 ausi
823 3703 887 3748 uon
917 3701 1043 3762 sumus,
1074 3700 1149 3745 cum
1172 3686 1363 3758 praesertim
1386 3687 1547 3748 incertum
1570 3692 1653 3754 vide·

388 3789 474 3848 retur
509 3791 619 3850 utrum
654 3785 793 3866 φιλέντας
824 3803 866 3849 au
897 3791 1040 3865 φιλῆνιας
1072 3787 1275 3847 scribendum
1306 3789 1404 3861 esset,
1439 3784 1583 3867 ὁράμενος
1613 3809 1655 3856 an

390 3883 542 3967 ὁρήμενος,
564 3891 691 3953 Atticae
714 3891 802 3952 enim
826 3889 955 3952 dialecti
977 3889 1066 3964 leges
1088 3890 1129 3949 ad
1152 3889 1234 3949 hanc
1257 3889 1481 3963 quaestionem
1505 3893 1653 3958 dirimen-

389 3992 463 4053 dam
485 4009 581 4055 nemo
604 3993 776 4057 adhibebit.

432 4191 509 4274 38.
542 4196 572 4256 A
605 4197 823 4258 contractione
856 4195 961 4271 specie
997 4197 1031 4256 et
1062 4195 1193 4256 nomine
1217 4191 1329 4269 'magis
1355 4210 1454 4270 quam
1484 4215 1519 4260 rc
1546 4201 1653 4263 dliiert

389 4297 540 4369 miscet.
562 4296 686 4369 Nempe
709 4296 790 4358 duae
813 4295 942 4356 vocales
965 4295 1134 4368 contiguae
1154 4296 1208 4356 ubi
1230 4297 1328 4356 metri
1347 4312 1447 4358 causa
1465 4300 1551 4360 intra
1571 4300 1652 4362 fines

392 4396 483 4457 unius
511 4396 655 4469 syllabae
685 4396 799 4470 longae
830 4397 996 4470 coguntur,
1028 4394 1191 4467 syniaesin
1215 4394 1282 4468 pati
1306 4395 1464 4458 dicuntur.
1489 4399 1652 4474 Quaeres

424 4675 440 4734 'i
455 4680 519 4728 Nsm
534 4694 581 4741 pro
596 4679 683 4727 Ionica
701 4680 783 4728 forms
800 4682 874 4728 eitum
890 4680 1000 4727 Atticam
1015 4679 1089 4724 clivos
1103 4680 1190 4725 mente
1206 4691 1273 4724 nunc
1288 4679 1476 4727 substitusmns
1490 4693 1595 4728 necesse
1604 4684 1653 4729 est.

421 4755 443 4821 ¹)
458 4759 599 4807 brissims
625 4759 693 4806 sulm
718 4761 779 4806 sunt
801 4757 983 4819 paragogicum
1008 4765 1031 4800 -s'
1053 4755 1079 4801 in
1102 4755 1163 4802 ltin
1186 4756 1341 4817 neglectum,
1363 4761 1391 4806 et
1415 4761 1439 4804 is
1461 4760 1586 4819 scriptum
1604 4773 1651 4819 pro

392 4835 428 4889 isi.
443 4839 472 4884 ut
485 4837 613 4884 sexcentis
631 4836 694 4883 iocis
719 4836 789 4894 sllis;
812 4837 844 4884 ds
862 4837 953 4883 vitiosa
970 4834 1055 4880 sutem
1074 4833 1157 4880 iorms
1172 4839 1257 4888 ΣΠΕΙ.
1275 4848 1351 4895 quam
1367 4836 1392 4883 in
1411 4837 1501 4884 Atticis
1519 4839 1649 4899 exempla·

392 4909 457 4958 ribus
473 4917 572 4962 :nitar
587 4913 646 4961 olim
664 4915 745 4962 inisse
762 4915 884 4962 credibiio
902 4917 950 4968 est,
966 4925 1046 4971 supra
1062 4911 1259 4971 disputavimus.
