3952 5700
307 835 380 904 ιε]
787 907 791 919 ,
912 833 951 890 ει,

352 1017 435 1093 Λιιε,
455 1033 538 1091 quae
558 1017 702 1077 eiusdem
730 1018 808 1077 suut
830 1017 962 1091 farinae,
983 1031 1046 1076 nen
1066 1016 1158 1077 noble
1177 1017 1363 1091 corrigenda
1375 1017 1574 1091 reliquerunt

309 1120 410 1181 critici
442 1119 651 1180 Alexandrini
683 1119 739 1179 sed
770 1117 831 1192 ipsi
863 1118 1086 1179 emendarunt.
1119 1118 1171 1179 Sic
1202 1118 1384 1180 zenodotus
1405 1134 1573 1195 perperam

308 1223 482 1297 scripserat
509 1213 594 1280 ditor
619 1223 642 1280 B
668 1222 684 1282 1
710 1222 738 1280 Κ
765 1222 793 1296 l,
826 1216 958 1296 ἶμωυτόν
983 1223 1011 1278 Α
1036 1221 1110 1295 271,
1139 1217 1253 1296 ἑωυτήν
1278 1223 1398 1297 Ptol,
1431 1222 1575 1283 hodierni

310 1339 385 1383 vere
408 1322 532 1384 cedices
557 1323 711 1383 exhibent
733 1318 826 1396 citior,
851 1315 890 1398 ιμ’
918 1319 1020 1397 αὐτόν,
1046 1319 1059 1380 ἕ
1083 1319 1178 1398 αὐτὴν
1201 1323 1272 1396 (leg.
1297 1346 1349 1400 μιν
1373 1321 1512 1400 odelini).
1538 1327 1574 1385 In

315 1429 340 1482 ,r
363 1430 426 1486 ετιε
451 1424 528 1484 olim
554 1425 639 1484 niele
662 1422 748 1494 «ittig
781 1423 963 1484 scribebant
991 1424 1122 1497 quidam
1145 1438 1202 1497 pre
1225 1421 1320 1495 ἄλλος.
1346 1425 1464 1485 Utrum
1488 1441 1574 1501 pras·

310 1528 412 1585 staret
433 1523 553 1583 κάκεῖθι
584 1527 707 1599 1'402,
739 1519 854 1583 κάκεῖσε
877 1547 896 1581 α
922 1525 996 1600 260,
1028 1521 1169 1584 κάκεῖθεν
1195 1525 1224 1582 d>
1246 1526 1299 1599 62,
1323 1520 1459 1597 κάκεῖνος
1484 1526 1509 1585 0
1533 1528 1575 1587 45

310 1628 370 1687 etc.
402 1627 479 1687 Ηθε.
513 1627 605 1701 Oper.
634 1628 708 1701 alit,
742 1641 782 1686 an
814 1622 864 1684 acl
893 1629 984 1702 aridi,
1013 1622 1064 1685 ael
1086 1629 1173 1703 κεῖσε,
1194 1621 1245 1684 κει
1265 1629 1377 1702 κεῖθεν,
1398 1623 1449 1686 aeri
1471 1631 1578 1704 κεῖνος,

310 1729 387 1789 olim
419 1728 652 1802 ambigebatur,
684 1727 838 1800 hodieque
870 1726 902 1786 in
935 1727 1099 1803 rescriptis
1123 1729 1296 1801 utrumque
1320 1728 1494 1805 reperitur;
1519 1731 1576 1792 sed

311 1830 518 1890 Aristarchus
549 1843 661 1890 verlini
693 1829 864 1890 indicavit:
902 1838 954 1912 ,τῇ
987 1826 1141 1902 ἐκεῖνος
1172 1826 1209 1889 ori
1238 1837 1339 1908 χρῆται
1363 1825 1379 1891 ὃ
1402 1829 1526 1910 ποιητὴς
1553 1831 1580 1892 εἰ

311 1932 351 2011 μὴ
381 1931 560 2016 ἀναγκασθῇ
590 1929 650 1992 ὑπὸ
681 1929 809 2010 piceum
836 1936 867 2006 ¹),
900 1948 982 2004 quae
1013 1933 1091 1992 sunt
1121 1933 1219 1994 verba
1241 1933 1370 2009 Didymi
1393 1935 1433 1996 ad
1457 1959 1476 1994 α
1503 1938 1574 1997 177.

312 2037 348 2096 In
379 2036 541 2096 codicibus
571 2050 634 2095 neu
669 2032 707 2110 tl,
738 2032 836 2092 ἔπειτα
870 2035 895 2092 (l
928 2036 989 2094 1e3
1023 2038 1082 2095 etc.
1114 2035 1210 2096 scribi
1237 2035 1321 2096 solet
1354 2036 1411 2096 sed
1445 2033 1578 2114 δῆπειτα,

312 2152 393 2209 quae
417 2137 502 2196 sitne
525 2137 627 2196 orasis
652 2137 795 2196 vocanda
818 2151 858 2196 an
882 2136 1069 2210 aphaeresis
1091 2136 1269 2210 incertum;
1294 2137 1350 2197 ssd
1373 2136 1463 2198 nulla
1482 2137 1577 2199 inter·

313 2238 395 2298 cedit
425 2253 525 2297 causa
551 2237 724 2310 queminus
747 2235 785 2312 dd
809 2235 906 2295 laerte
929 2235 1056 2311 (wig)
1088 2237 1289 2297 restituatur.
1314 2237 1404 2297 Idem
1428 2238 1517 2298 vaiet
1539 2239 1578 2300 ds

312 2333 387 2420 τήμῇ
417 2339 436 2395 Ι
458 2338 532 2412 set,
563 2337 618 2396 ubi
648 2345 683 2419 τῇ
714 2334 769 2419 ἐμῇ
793 2341 893 2411 (w.)
924 2339 976 2398 est
998 2338 1213 2412 scribendum,
1238 2338 1301 2396 nisi
1324 2338 1396 2410 quis
1419 2339 1580 2412 praeierat

312 2446 347 2519 τῇ
367 2431 420 2520 ’με
444 2453 519 2498 cum
542 2437 756 2512 aphaersseos
775 2438 876 2513 signe,
901 2438 940 2498 ci.
965 2439 983 2507 ι
1009 2437 1059 2496 14.

357 2536 538 2597 Particulae
569 2533 607 2612 ἣν
639 2539 671 2597 et
697 2534 783 2612 ἐπήν,
805 2553 887 2610 quae
911 2554 952 2598 ex
976 2536 1002 2596 εἰ
1016 2546 1052 2603 -r-
1067 2534 1105 2595 dv
1129 2539 1162 2597 et
1184 2534 1248 2596 ἕπει
1260 2543 1298 2604 -Ι-
1313 2533 1351 2595 dv
1373 2540 1450 2597 sunt
1471 2540 1579 2613 natae,

313 2637 396 2697 inter
421 2652 549 2697 crassos
573 2636 723 2710 exempla
746 2638 854 2698 sintne
875 2637 1061 2698 referendae
1083 2652 1194 2712 necue,
1218 2637 1356 2697 dubitari
1379 2639 1497 2713 petest,
1520 2639 1580 2699 hec

313 2739 436 2798 certum
462 2738 521 2811 est,
546 2751 609 2797 neu
633 2737 817 2798 tolerandas
840 2754 913 2799 esse
936 2738 969 2798 in
994 2738 1087 2797 textu
1110 2736 1292 2813 Homerico,
1317 2737 1356 2798 ci.
1381 2738 1399 2806 5
1422 2739 1497 2800 326.

358 2839 454 2898 Nulla
472 2839 524 2898 est
542 2837 612 2897 sive
632 2839 733 2898 cresis
753 2839 823 2899 sive
843 2838 1019 2899 contractio
1039 2838 1071 2897 in
1092 2838 1280 2912 prenomine
1299 2835 1376 2896 llere
1388 2842 1418 2897 A
1430 2840 1495 2899 stt
1508 2842 1580 2915 etc,

315 2941 397 3014 rprred
433 2955 473 3000 ex
508 2936 588 2998 ii-ue
622 2941 749 3016 prodiit,
786 2941 847 3002 vid.
881 2942 898 3007 t
925 2942 997 3001 lea.
1029 2941 1138 3014 Neque
1170 2941 1275 3002 crasin
1306 2956 1477 3017 perpessae
1504 2944 1582 3005 sunt

315 3045 436 3105 serinac
468 3042 646 3121 προύπεμψε
676 3042 856 3121 προύτυψαν
886 3043 1042 3119 aliaeque,
1074 3043 1106 3103 in
1138 3043 1254 3116 quibus
1284 3045 1477 3119 praepositio
1506 3061 1580 3107 cum

314 3147 489 3220 augmento
518 3144 673 3218 syllabico
704 3147 888 3222 consuevit;
915 3146 1023 3206 minus
1046 3147 1132 3206 reete
1156 3146 1236 3207 talia
1259 3145 1480 3208 scribebantur
1504 3148 1581 3209 elim

315 3265 390 3309 cum
419 3248 577 3324 coronide,
609 3264 737 3309 craseos
768 3249 870 3326 signo,
902 3245 1080 3328 προῦπεμψε
1104 3249 1175 3324 cte,
1212 3264 1288 3332 narn
1313 3264 1404 3310 ruera
1428 3250 1507 3312 liaeo
1531 3252 1582 3312 est

316 3351 508 3425 contractie;
541 3351 572 3410 in
606 3351 746 3414 Homero
777 3355 887 3435 autem
916 3367 980 3412 nen
1003 3351 1170 3412 ferendam
1193 3365 1266 3411 esse
1288 3351 1372 3412 hauc
1396 3352 1583 3414 contractio·

318 3470 391 3513 rann
424 3453 478 3512 sod
507 3449 677 3531 spiritalior
702 3457 762 3515 etc.
788 3470 860 3516 esse
884 3454 1099 3530 scribendum,
1123 3453 1265 3514 ostendit
1289 3453 1437 3529 PKnight
1460 3455 1584 3529 Proleg.

319 3574 347 3631 p.
376 3558 446 3616 101.
471 3557 530 3632 itui
554 3558 644 3617 selus
667 3559 824 3632 repugnat
846 3558 936 3619 locus
960 3580 982 3617 ω
1006 3559 1081 3632 360,
1106 3556 1352 3618 recentissimus
1375 3559 1435 3619 est.

363 3659 543 3719 Particulac
576 3675 650 3720 vere
680 3661 811 3720 centurn
844 3659 924 3721 locis
953 3660 1066 3721 obviae
1097 3657 1206 3718 οὔνεκα
1238 3660 1272 3720 ει
1302 3658 1428 3720 τούνεκα
1459 3677 1501 3722 ex
1524 3661 1584 3722 Ho-

319 3763 448 3824 mericis
471 3763 572 3822 eximi
596 3764 774 3837 nequeunt;
806 3765 863 3824 sed
887 3779 927 3823 ex
951 3755 988 3822 οὗ
1012 3763 1045 3823 ει
1069 3768 1121 3821 τοῦ
1135 3771 1172 3828 ÷
1187 3757 1273 3820 ἕνεκα
1296 3777 1352 3822 sas
1376 3777 1449 3825 esse
1472 3763 1585 3824 conita-

320 3867 381 3940 tas,
416 3867 454 3924 ut
487 3865 588 3924 statui
620 3865 712 3940 solet,
738 3865 806 3924 veri
830 3863 1087 3925 dissimillimum
1111 3863 1270 3940 ducimus,
1295 3878 1370 3924 oum
1394 3865 1586 3940 praesertim

319 3967 359 4026 ad
394 3980 505 4026 earum
542 3965 698 4038 originem
735 3965 950 4039 indagandam
981 3966 1020 4026 ab
1052 3965 1142 4040 epica
1168 3957 1392 4026 formativae
1415 3967 1444 4036 (5
1467 3966 1520 4035 38)
1543 3965 1588 4025 sit

319 4067 602 4143 proficiscendum
628 4082 767 4140 quacmn
792 4067 1008 4142 diphthongus
1025 4087 1061 4127 ov
1082 4065 1261 4127 coalescere
1281 4066 1440 4140 quemodo
1458 4066 1587 4142 potuit?

323 4171 360 4230 lit
384 4171 534 4243 streniam
560 4170 630 4244 ipsa
652 4169 827 4243 particulae
852 4170 999 4230 biiermis
1022 4165 1241 4228 εἵνεκα-ἕνεκα
1264 4168 1374 4229 ιειίιει
1397 4169 1495 4244 erige,
1519 4182 1587 4228 sus·

321 4272 419 4346 picari
450 4271 526 4332 licet
557 4271 621 4331 alia
650 4271 783 4346 ratione,
808 4287 889 4344 quae
913 4271 1051 4331 sortasse
1075 4270 1247 4343 aliquando
1275 4270 1487 4345 indagabitur,
1512 4273 1589 4330 nata

322 4389 395 4432 esse
429 4371 537 4431 odorae
571 4374 605 4432 et
638 4371 763 4430 τούνεκα
787 4366 826 4446 ²);
858 4375 936 4432 nota
971 4374 1081 4432 autem
1113 4387 1166 4432 res
1196 4372 1248 4433 est
1271 4372 1303 4431 in
1329 4371 1589 4444 inscriptionibus

323 4559 395 4567 ο-η-
416 4559 420 4566 ι
443 4557 541 4566 .-ιο-

357 4675 378 4738 ¹)
396 4678 507 4724 liemaro
524 4677 628 4723 emiliae
643 4675 828 4724 abiudioandaa
846 4691 903 4724 naso
922 4679 1017 4724 lemnae
1035 4676 1067 4723 ab
1083 4679 1139 4723 larr-
1157 4676 1286 4723 ordientes
1304 4677 1328 4722 in
1347 4676 1407 4735 §98
1422 4675 1573 4724 videbimus.

356 4753 379 4824 ²)
404 4758 525 4804 Extitiaao
552 4756 612 4803 elim
635 4757 778 4818 particulae
800 4759 875 4805 albere
899 4757 1006 4804 tornioni
1031 4757 1138 4804 aiteram
1161 4746 1239 4804 «isera
1263 4756 1321 4804 aliie
1338 4755 1479 4804 rationibus
1496 4753 1591 4803 ductae

323 4840 433 4901 probino
456 4837 555 4884 siruluil
577 4837 687 4884 ilelruian
711 4839 814 4894 (lienosi.
832 4837 903 4898 Epic.
923 4851 947 4898 p.
965 4837 1089 4892 idi-tddr
1114 4850 1191 4897 qnam
1216 4840 1301 4884 tamen
1322 4836 1517 4884 incertissimam
1535 4849 1592 4884 esee

323 4921 496 4968 rarrrioeturarn
515 4947 543 4952 --
564 4933 647 4978 rroqne
674 4919 741 4964 enirn
767 4917 799 4964 de
823 4919 907 4977 priore
930 4916 1036 4964 reculae
1059 4919 1132 4978 parte
1150 4931 1233 4976 uroque
1251 4917 1283 4964 de
1301 4917 1388 4963 aniilxi
1406 4909 1502 4980 ·(f)erc
1520 4918 1591 4975 pete·

323 5005 391 5049 elate
408 5004 485 5062 abrae
502 4999 600 5058 origine
619 4998 759 5059 ‹prrlrlquam
778 4996 937 5058 exploratum
956 5022 987 5031 —
1005 4997 1072 5044 ultro
1090 4997 1223 5044 consessus
1241 4999 1281 5044 oet
1297 4999 1361 5056 ipae.
