3842 5690
966 776 1027 837 122
1526 773 1556 844 [ἓ
1579 775 1621 834 88

358 968 429 1042 ipsa
464 966 583 1028 vocalis
616 963 742 1027 iiiiii
772 967 805 1027 in
828 966 960 1042 longum
989 981 1105 1028 sonum
1130 983 1149 1026 e
1172 987 1197 1028 ει
1220 991 1230 1026 ι
1254 989 1290 1028 ου
1314 992 1333 1028 υ
1357 969 1519 1042 mutatur;
1542 963 1621 1026 anti·

358 1069 469 1142 quitus
502 1072 623 1145 autem,
659 1086 733 1131 cum
765 1085 924 1132 consonae
954 1071 1072 1145 scripto
1104 1087 1166 1131 non
1201 1071 1442 1144 geminarentur
1467 1067 1488 1141 ¹)
1519 1081 1622 1142 neque

357 1170 427 1231 soni
447 1170 590 1244 producti
611 1171 684 1232 aliis
704 1172 805 1246 signis
823 1171 1030 1234 redderentur
1049 1187 1148 1246 quam
1168 1173 1283 1233 breves
1302 1173 1431 1234 vocales
1452 1173 1545 1231 ΛΕΙ
1554 1169 1624 1240 Oi',

357 1272 433 1333 sciri
467 1287 530 1334 nou
565 1275 691 1347 poterat
726 1276 833 1336 utrum
864 1273 993 1337 litterae
1024 1271 1167 1338 ΞΕΝΟΣ
1183 1278 1269 1336 -ut
1300 1275 1360 1336 hoo
1383 1273 1532 1348 exemplo
1556 1272 1622 1332 uta·

357 1388 431 1433 mur
451 1407 491 1417 -
509 1374 728 1447 significarent
749 1363 833 1449 ξένος
860 1392 901 1437 au
925 1374 1026 1448 ξέννος
1051 1391 1092 1438 an
1116 1377 1218 1449 ξεῖνος.
1240 1378 1320 1438 Scirl
1343 1377 1375 1436 ld
1398 1390 1462 1437 non
1485 1375 1622 1449 poterat,

356 1474 531 1548 inquimus,
563 1475 626 1536 nisi
656 1476 785 1537 aliunde
807 1478 987 1551 constarst;
1019 1477 1188 1537 constabat
1210 1478 1321 1538 autem
1346 1476 1478 1538 cullibet
1500 1475 1539 1534 de
1562 1487 1623 1532 sua

355 1574 458 1648 ipsius
491 1575 610 1648 lingua.
654 1575 735 1637 (ium
775 1577 874 1650 igitur
907 1577 1056 1637 hemines
1089 1577 1239 1650 legebant
1277 1578 1376 1638 verba
1411 1591 1450 1636 ea
1487 1574 1623 1634 dialecto

357 1689 511 1748 expressa
543 1691 608 1749 qua
638 1675 699 1751 ipsi
733 1677 916 1751 utebantur,
951 1679 1082 1738 haerere
1116 1692 1180 1738 non
1213 1678 1378 1752 poterant,
1414 1673 1624 1737 Atheniensis

357 1771 449 1848 ξένος,
471 1775 606 1837 Lesbius
629 1776 681 1836 vel
703 1777 879 1838 'l'hessalus
901 1774 1012 1855 ξέννος,
1035 1777 1179 1839 liilesius
1201 1779 1295 1850 ξεῖνος
1319 1777 1476 1839 recitabat
1497 1775 1624 1836 litteras

358 1873 502 1939 ΞΕΝΟΣ
532 1877 566 1937 in
599 1877 736 1952 publicis
769 1893 847 1940 auae
881 1879 1024 1939 civitatis
1057 1879 1163 1940 titulis
1198 1881 1358 1940 exaratas.
1395 1878 1456 1938 Sed
1488 1875 1623 1937 eandem

358 1992 469 2037 vocem
494 1994 569 2039 cum
592 1979 775 2040 inveniebat
798 1979 830 2040 in
854 1979 1016 2040 sententia
1039 1994 1121 2053 quae
1144 1980 1281 2040 dialecto
1305 1981 1411 2041 aliena
1442 1980 1531 2039 esset
1554 1989 1623 2037 cen-

356 2081 459 2154 cepta,
490 2078 558 2139 fleri
589 2094 652 2140 nen
682 2083 808 2154 poterat
838 2083 915 2155 quin
947 2081 1125 2157 dubitaret,
1155 2083 1282 2142 errandi
1308 2084 1419 2142 autem
1442 2080 1561 2154 triplex
1588 2078 1625 2138 ut

358 2178 500 2241 vidimus
518 2182 587 2242 erat
606 2183 741 2260 occasio,
761 2184 914 2258 quoniam
938 2183 1072 2244 Aeolum
1093 2185 1163 2244 erat
1181 2182 1314 2244 brevem
1336 2184 1480 2244 vocalem
1503 2181 1624 2241 maiore

358 2281 446 2343 vocis
480 2284 629 2347 acumine
662 2285 811 2364 proferre,
846 2285 877 2348 id
909 2287 993 2361 quod
1023 2285 1216 2361 geminando
1246 2295 1424 2348 consonam
1455 2281 1624 2361 postmodo

357 2385 490 2448 indicari
524 2389 657 2468 solebat,
693 2391 808 2452 Ionum
839 2391 1013 2452 extendere
1045 2391 1078 2451 ei
1107 2391 1206 2452 veluti
1237 2389 1421 2466 protrahere
1449 2403 1566 2448 sonum
1590 2389 1623 2461 ²),

358 2489 573 2554 Athenienses
607 2508 682 2556 vero
713 2495 874 2570 syllabam
906 2495 1035 2556 brevem
1067 2495 1196 2556 omnino
1227 2510 1290 2555 non
1322 2492 1547 2570 producebant,
1578 2490 1625 2549 ita

361 2593 399 2652 ut
417 2609 458 2654 ex
475 2594 603 2656 illorum
616 2612 764 2658 sermone
776 2598 886 2659 littera
898 2599 1025 2672 spirans
1039 2597 1127 2658 nullo
1139 2597 1277 2672 vestigio
1288 2598 1399 2658 relicto
1411 2595 1580 2657 evanuerit
1590 2591 1623 2662 ³).

404 2696 442 2755 In
473 2698 670 2759 carminibus
702 2701 812 2760 autern
843 2701 986 2760 metrum
1018 2699 1152 2759 decebat
1182 2714 1264 2772 quae
1294 2699 1408 2772 longae
1431 2697 1541 2758 essent
1563 2693 1624 2766 syl·

362 2797 464 2876 labae,
488 2815 571 2872 quae
594 2800 717 2876 breves,
741 2816 844 2874 neque
864 2800 962 2875 igitur
984 2800 1163 2876 periculum
1187 2804 1256 2862 arat
1280 2815 1319 2860 ne
1338 2795 1434 2860 ‚cirros
1452 2813 1509 2874 pro
1531 2800 1626 2856 raaces

361 2900 550 2963 recitaretur
573 2903 635 2964 nisi
659 2903 741 2964 iorte
765 2902 804 2964 ab
828 2902 1061 2964 indoctissimis
1084 2903 1286 2979 hominibus;
1311 2904 1455 2964 attamen
1473 2899 1625 2960 manebat

360 3003 447 3077 optio
481 3005 566 3066 inter
595 3003 696 3079 ξὲννος
727 3008 760 3066 et
790 3007 893 3079 ξεῖνος.
915 3005 998 3067 Illud
1022 3007 1055 3066 in
1080 3007 1211 3069 Aeolica
1235 3007 1325 3082 poesi
1347 3005 1517 3067 dicendum
1540 3015 1624 3077 esse,

359 3104 420 3165 hoc
453 3105 486 3165 ln
520 3107 638 3184 Ionica,
670 3109 816 3169 sciebant
844 3110 1049 3182 grammatici
1079 3110 1134 3182 qul
1163 3109 1215 3170 his
1240 3110 1337 3170 rebus
1359 3107 1504 3169 studium
1527 3119 1624 3165 suum

360 3205 604 3283 impendebant,
636 3211 692 3270 ssd
722 3211 911 3284 priusquam
941 3209 973 3270 in
1004 3210 1291 3282 grammaticorum
1323 3224 1440 3268 manus
1474 3220 1623 3282 pervene-

359 3307 435 3365 runt
469 3321 565 3381 opera
598 3311 766 3382 poetarum
801 3309 1110 3383 vetustissimorum,
1142 3323 1239 3381 quam
1271 3309 1367 3368 multi
1398 3307 1471 3367 inde
1500 3319 1624 3366 errores

360 3404 447 3477 gigni
477 3407 649 3484 potuerint,
681 3407 783 3467 immo
813 3407 989 3483 debuerint,
1011 3422 1106 3468 nemo
1137 3422 1201 3468 non
1225 3408 1322 3468 videt.
1348 3406 1445 3466 culus
1467 3405 1514 3465 rei
1537 3403 1626 3463 certa

360 3505 549 3566 testimonia
580 3508 712 3582 praebet
744 3509 856 3569 textus
890 3509 1071 3569 carminum
1106 3509 1279 3584 epicorum,
1314 3507 1369 3568 ubi
1402 3506 1497 3566 modo
1536 3517 1625 3563 mere

360 3606 490 3667 Aeolica
523 3608 689 3680 geminata
722 3608 879 3683 reperitur
912 3609 1021 3668 littera
1055 3607 1185 3684 liquida,
1218 3609 1314 3669 medo
1349 3623 1367 3668 e
1397 3605 1486 3666 brevi
1520 3603 1623 3664 vocali

360 3706 475 3781 longus
509 3722 609 3768 sonus
643 3723 699 3781 per
729 3709 970 3783 productionem
993 3709 1285 3782 compensateriam
1308 3721 1391 3781 quae
1419 3705 1536 3765 dicitur
1557 3717 1624 3776 prc-

360 3807 429 3883 diit,
465 3821 540 3867 cum
572 3809 682 3869 tamen
716 3809 799 3868 ratio
833 3808 915 3869 ierat
945 3810 982 3867 ut
1012 3809 1070 3868 aut
1091 3809 1170 3868 illud
1204 3811 1261 3868 aut
1284 3809 1343 3868 hoc
1365 3807 1493 3879 linguae
1516 3805 1624 3879 epicae

360 3909 523 3985 proprium
560 3909 660 3970 luisse
694 3911 889 3971 statuamus.
922 3910 1076 3970 Attamen
1106 3924 1221 3986 pamm
1247 3910 1356 3970 tutum
1378 3907 1475 3970 hierii
1497 3907 1624 3967 mutare

360 4026 569 4086 quaecunque
592 4012 655 4073 huc
674 4012 845 4090 pertinent,
865 4011 1016 4086 quoniam
1038 4013 1203 4074 nescimus
1222 4027 1325 4087 neque
1345 4010 1410 4073 uilo
1429 4011 1522 4085 pacto
1542 4010 1625 4070 scire

360 4127 535 4188 possumus
565 4115 676 4174 utrum
707 4113 801 4186 ξεῖνος
824 4129 865 4175 au
889 4110 991 4187 ξὲννος
1014 4115 1120 4190 magis
1143 4116 1188 4176 sit
1211 4114 1318 4176 simile
1341 4128 1419 4175 sono
1442 4128 1538 4188 quem
1562 4111 1624 4187 ipsi

360 4217 509 4277 cantores
533 4214 686 4292 edebant;
711 4216 788 4290 quin
811 4213 881 4277 fieri
904 4217 1011 4292 potest
1034 4218 1072 4277 ut
1093 4232 1198 4290 neque
1220 4217 1280 4278 hec
1302 4230 1405 4288 neque
1435 4215 1514 4276 illud
1542 4215 1625 4275 satis

394 4476 415 4543 ¹)
432 4481 488 4528 vid.
505 4495 526 4528 a.
543 4493 567 4540 g.
586 4480 636 4528 lool
652 4494 717 4541 quoa
734 4480 855 4528 indicarit
871 4475 1003 4539 animai
1020 4493 1044 4540 p.
1065 4480 1120 4528 uis.

394 4556 416 4624 Ξ)
432 4559 501 4608 Illud
520 4557 765 4620 ,vocalschdriung”
783 4561 831 4608 hoo
850 4555 1076 4618 „recudendum”
1096 4573 1110 4604 a
1128 4558 1215 4606 Finito
1232 4563 1343 4607 vocatur.

392 4636 414 4706 ³)
432 4641 488 4698 Quo
512 4641 616 4689 maculo
642 4639 788 4688 huiuamodi
814 4640 927 4700 syllabae
957 4642 982 4687 in
1007 4639 1092 4688 Attica
1117 4638 1228 4686 dialecto
1254 4640 1344 4686 irrevoa
1372 4639 1454 4686 iactae
1479 4639 1531 4686 sint
1556 4635 1622 4684 siilci

360 4721 462 4782 nequit3
487 4721 514 4768 ld
541 4725 626 4769 tamen
649 4722 747 4767 certam
766 4718 874 4780 ridetur,
896 4733 927 4767 ax
944 4731 995 4778 quo
1013 4722 1104 4779 poetae
1122 4721 1149 4767 al
1164 4717 1302 4779 scriptores
1320 4717 1453 4778 pedestres
1470 4718 1553 4764 Attico
1570 4729 1622 4763 aar·

360 4813 436 4848 moue
453 4801 494 4848 uei
511 4804 579 4860 aunt,
602 4799 694 4848 brerae
717 4799 806 4860 iuius,
831 4797 907 4845 citius
926 4798 1006 4856 igitur
1021 4798 1047 4844 iu
1064 4797 1149 4845 Attica
1166 4809 1243 4856 qnam
1260 4797 1287 4844 in
1304 4797 1391 4844 Aeolia
1406 4801 1433 4844 at
1449 4797 1519 4843 lenia
1535 4795 1622 4842 deors·

361 4879 429 4926 vine
455 4879 577 4940 spirantia
602 4877 705 4925 litterae
730 4879 893 4939 potestatem,
920 4878 966 4922 aut
988 4901 1018 4910 -
1042 4876 1065 4922 ai
1090 4875 1148 4935 quia
1173 4877 1209 4923 itu
1235 4875 1305 4936 loqui
1330 4875 1478 4923 mavult-
1501 4873 1573 4936 prius
1597 4873 1622 4920 in

361 4956 446 5003 Attica
463 4968 539 5016 quam
558 4955 619 5004 aiibi
637 4955 791 5018 geminatam
811 4954 935 5017 liquidam
954 4955 979 5002 iu
996 4952 1139 5017 simplicem
1156 4953 1259 5003 abiisse.
