3934 5706
305 831 323 900 ἓ
347 830 401 903 38]
915 827 975 887 121

305 1013 352 1074 ita
385 1013 500 1076 ductae
534 1018 628 1077 suni:
660 1011 812 1074 κεκεκοάω
843 1008 988 1072 κελέκοον
1017 1006 1217 1089 naissitano:
1241 1010 1341 1072 -ufoiu
1364 1012 1458 1071 -ntov
1482 1011 1574 1072 afa:

305 1111 400 1174 -κκοὶα
423 1136 511 1175 -κκον
533 1137 613 1175 -κκα,

349 1216 387 1276 In
423 1217 459 1274 M
496 1217 559 1276 208
590 1231 645 1290 pro
676 1215 760 1275 binis
791 1214 909 1275 litteris
939 1214 1122 1275 habendum
1154 1215 1242 1274 esset
1273 1213 1358 1290 <nsi
1381 1227 1463 1273 sana
1487 1214 1576 1273 esset

307 1315 439 1388 vulgata
472 1313 575 1373 αἰόλον
607 1307 680 1388 ὄφιν
712 1310 818 1388 (inem
848 1315 926 1372 sunt
956 1314 1010 1386 qul
1033 1313 1199 1386 scribunt),
1222 1313 1278 1372 sed
1306 1313 1424 1372 vitium
1447 1311 1576 1384 aliquod

305 1412 349 1472 ibi
369 1413 458 1489 latet,
479 1413 571 1473 cuius
587 1413 710 1473 incerta
730 1413 782 1471 est
800 1412 954 1472 eorrectio
971 1413 1000 1480 ¹).
1020 1411 1180 1471 Hesiodus
1201 1411 1301 1471 simili
1314 1402 1575 1486 Ιίοοοοὶοοκοφον

305 1512 466 1586 (σκύπφον)
484 1513 606 1573 dixisse
625 1513 728 1572 fertur
747 1512 785 1572 ir.
802 1513 863 1572 193
877 1525 924 1584 sq.
944 1511 1065 1585 Aperte
1086 1512 1197 1571 autem
1218 1526 1325 1572 errore
1345 1511 1378 1570 in
1395 1510 1473 1570 Hes.
1487 1510 1575 1570 Scui.

306 1613 369 1674 364
382 1614 489 1674 =461
516 1610 625 1685 σάκκος
647 1626 703 1687 pro
732 1609 822 1682 σάκος
845 1610 978 1686 legitur;
1005 1610 1186 1685 recipienda
1209 1613 1261 1672 est
1282 1609 1436 1672 illicia.
1458 1607 1574 1688 σαρκός.

349 1818 386 1878 ln
408 1818 579 1880 verborum
598 1815 746 1894 flexione,
771 1816 962 1892 praesertim
986 1815 1019 1875 in
1040 1815 1294 1878 conformatione
1316 1815 1485 1878 nominum
1509 1829 1575 1875 ver·

305 1918 437 1996 ballum,
472 1921 548 1980 ante
582 1918 725 1980 litteram
762 1940 782 1994 μ
817 1918 928 1978 mulae
960 1915 1131 1996 δκθκχ
1164 1918 1250 1979 haud
1280 1931 1353 1978 raro
1381 1916 1576 1977 immutatae

310 2022 517 2095 manserunt;
542 2020 624 2082 vid.:

354 2121 473 2200 Κάδμος
490 2118 603 2200 ἄρδμός
622 2119 732 2198 πότμος
752 2117 889 2200 μναθμός
909 2116 1060 2198 ἕλκηθμός
1079 2117 1211 2199 κεοθμός
1231 2118 1387 2198 κλαυθμός
1403 2115 1576 2198 κνοζηθμός

305 2224 457 2304 μηνιθμός
490 2220 642 2305 ὀρχηθμός
668 2222 806 2304 πορθμός
828 2221 961 2301 σταθμός
985 2219 1173 2303 ἕύσκαρθμος
1196 2221 1429 2303 κολύοκαμθμος
1453 2219 1577 2303 βρεχμός

306 2325 413 2406 δοχμός
437 2325 578 2406 (δόχμιος)
601 2325 708 2406 ἰωχμός
732 2323 845 2405 μοχμός
868 2323 997 2404 πλοχμός
1020 2323 1136 2404 ῥωχμός
1160 2324 1330 2404 οονοοχμός.

349 2423 482 2505 ἄκμηνος
506 2425 648 2506 ἂκμηνός.

353 2527 489 2606 πυθμήν.

332 2627 498 2708 φράδμων
522 2627 752 2708 (σομφράδμοον)
774 2625 917 2705 κευθμών
940 2622 1043 2704 ἄκμων
1065 2623 1262 2704 (ἆκμόθεκος).

353 2726 482 2808 ἐρετμόν.

357 2828 453 2908 ἰκμάς.

352 2927 430 3010 ὀδμή
453 2929 550 3012 ἀυτμή
574 2929 685 3010 ἐφετμή
707 2929 829 3009 εἰσίθμη
852 2928 971 3008 στάθμη
994 2927 1074 3009 ἀκμή
1097 2928 1187 3010 αἰχμή
1208 2930 1310 3011 λοχμή.

352 3029 585 3110 ἆκοσκοδμαίνω
604 3031 763 3112 &sinautem
783 3015 906 3113 ἆρθμὲιο
924 3029 1077 3111 (ἄρθμιος)
1101 3029 1261 3109 ἀσθμαίνω
1280 3032 1394 3110 λικμάω
1414 3032 1579 3112 (λικμηοήρ)

308 3131 487 3213 ἆκοὶιχμοὶω.

352 3227 442 3312 οἶδμα
464 3238 570 3314 λαῖτμα
592 3228 696 3313 ἆσθμα
719 3233 796 3312 ἴθμα
819 3231 901 3313 ἔχμα.

352 3331 473 3416 τέκμωρ.

353 3433 572 3517 κεκορυθμένος
598 3435 717 3516 ἴκμενος
740 3431 912 3515 ἀκαχμένος.

353 3538 462 3616 Ηδμεν
483 3538 624 3616 fluuium
646 3535 766 3618 ἔδμεναι
790 3535 969 3616 titulatum
993 3533 1167 3615 ἐπέπιθμεν.

353 3641 532 3704 Nonnullae
560 3657 601 3702 ex
623 3642 712 3703 hisce
735 3641 868 3702 vocibus
891 3640 991 3702 eiiam
1014 3641 1047 3701 in
1069 3639 1180 3702 Attica
1202 3637 1339 3704 dialecto
1363 3643 1575 3719 reperiuntur,

310 3760 337 3804 θ.
360 3759 391 3818 g.
414 3740 495 3821 ἀκμή
519 3745 552 3804 et
576 3741 674 3822 αἰχμή.

353 3846 533 3923 Separatim
557 3846 842 3908 commemoranda
863 3848 941 3907 suni
964 3845 1072 3923 verba,
1093 3846 1247 3922 equibus
1268 3848 1401 3910 extrusa
1420 3849 1472 3911 est
1487 3863 1577 3910 voca·

309 3949 366 4011 lie:
390 3946 538 4029 δέδμημαι
560 3946 692 4028 μεσόδμῃ
715 3946 815 4030 κμήμω
838 3943 970 4028 κὲκμηκα
993 3950 1074 4025 etc.;
1099 3950 1138 4012 cf.
1163 3951 1181 4022 ἓ
1210 3951 1260 4012 12.

352 4150 375 4231 3
397 4151 451 4218 38.
483 4153 606 4216 Littera
627 4153 755 4228 spirans
776 4152 809 4229 f,
838 4169 936 4228 quam
959 4154 1123 4230 praecedit
1141 4153 1272 4232 liquida,
1297 4154 1371 4217 huic
1392 4156 1580 4217 assimulari

310 4256 379 4317 sive
421 4256 461 4316 ab
495 4271 535 4316 ea
571 4255 693 4315 hauriri
732 4255 824 4316 solet.
859 4255 948 4316 Duae
983 4257 1095 4316 autem
1130 4271 1290 4317 consonae
1324 4258 1498 4330 postquam
1532 4258 1579 4318 ita

310 4355 344 4415 in
379 4370 479 4415 unam
521 4355 756 4429 confluxerunt,
802 4369 867 4414 non
913 4354 1095 4414 amiserunt
1132 4356 1340 4431 potestatem,
1382 4371 1446 4429 qua
1484 4358 1581 4417 antea

310 4455 506 4532 fruebantus,
536 4455 668 4515 brevem
699 4469 782 4528 quae
805 4454 968 4529 praecedit
998 4454 1159 4528 syllabam
1183 4456 1386 4530 producendi.
1412 4457 1474 4516 Sed
1497 4457 1578 4517 anii-

309 4556 467 4628 quiseima
497 4555 620 4616 ratione
651 4555 810 4617 scribendi
841 4555 1026 4618 huiusmodi
1052 4556 1343 4631 productioouulis
1366 4557 1578 4619 ostendinus

308 4658 443 4732 poterat.
474 4657 597 4733 Nempe
627 4657 661 4719 in
688 4657 799 4732 lingua
830 4657 952 4718 Graeca
975 4659 1012 4719 ut
1038 4657 1197 4720 indicetur
1219 4661 1351 4721 brevem
1374 4659 1521 4722 vocalem
1545 4659 1578 4721 in

309 4760 440 4832 longam
473 4760 633 4835 syllabam
665 4761 859 4836 excrevisse,
891 4761 949 4821 aut
977 4761 1162 4836 geminatur
1196 4777 1335 4836 sequens
1359 4777 1501 4825 consona
1522 4761 1581 4824 aut

344 4989 364 5057 ¹)
381 4993 436 5042 Vid.
454 5007 503 5043 κιο
522 4995 647 5042 Leeuuen
665 4995 788 5043 Mnemon
808 4998 874 5046 1890
890 5011 917 5059 p.
936 4997 984 5045 2⁹6
1003 5009 1041 5056 sq.
