3908 5724
968 671 1032 732 cce
1138 749 1141 758 Δ
1510 673 1540 745 [s
1565 674 1626 733 1ao

369 861 424 920 bes
457 857 572 921 flerent
603 862 730 922 numeri
761 861 927 924 scribendo
953 856 1078 940 ’πρῆσεν
1108 859 1268 931 θεσπεσίας
1297 862 1378 935 eto.;
1414 861 1515 920 iirltne
1549 859 1625 918 olim

366 958 525 1031 θεσπεσίας
545 953 693 1039 ’mosei

409 1059 470 1120 Sed
493 1060 573 1120 haec
594 1061 762 1140 hactenus,
785 1063 864 1124 nihil
884 1062 971 1124 enim
993 1062 1077 1137 quod
1096 1063 1178 1123 satis
1198 1063 1323 1122 certum
1343 1061 1502 1134 citatque
1522 1059 1625 1134 expio

364 1161 471 1220 ratum
505 1176 548 1221 ex
580 1162 732 1224 tenuibus
765 1164 854 1224 lrisce
887 1163 1013 1224 indiciis
1047 1161 1141 1224 eiilcl-
1165 1163 1281 1237 potest.
1316 1162 1383 1222 llos
1416 1162 1626 1236 aphaeressos

364 1262 494 1336 signum
528 1263 734 1336 appinrimus
768 1263 882 1324 iormis
916 1279 998 1338 quae
1028 1265 1204 1338 augmento
1238 1262 1394 1338 syllabico
1420 1262 1541 1337 carent,
1564 1275 1626 1320 non

365 1375 428 1434 quo
456 1362 673 1424 indicaremus
706 1364 886 1437 antiquitus
915 1364 948 1425 in
975 1365 1140 1439 meoriptis
1162 1363 1255 1438 plene
1282 1363 1495 1438 perscriptum
1518 1362 1626 1435 ruisse,

365 1462 422 1523 sed
454 1463 608 1537 quonlam
642 1464 720 1524 dum
751 1465 881 1526 vivebat
909 1465 1016 1540 poesis
1047 1465 1137 1540 eplca
1167 1479 1209 1524 ex
1231 1479 1286 1526 ore
1309 1465 1478 1524 cantorum
1501 1476 1627 1536 semper

364 1564 512 1625 auditum
535 1579 607 1626 esse
630 1567 793 1640 putamus.
817 1565 1007 1628 Posteriorls
1029 1566 1148 1638 aetatis
1170 1565 1347 1642 rhapsodos
1370 1564 1536 1640 augmenti
1559 1561 1624 1623 nul-

365 1664 432 1726 lam
462 1665 594 1727 omnino
623 1667 782 1729 rationem
813 1669 968 1730 babentes
991 1667 1114 1730 dixisse
1138 1668 1177 1747 βῆ
1201 1671 1235 1730 et
1257 1665 1301 1728 tir
1324 1669 1361 1728 ut
1383 1667 1474 1746 βῆναι
1498 1667 1531 1728 et
1553 1661 1626 1725 ἑλεῖν

364 1767 523 1847 dicebant,
565 1770 754 1844 nullumque
792 1771 876 1832 inter
909 1767 1019 1851 ἄγομεν
1052 1772 1196 1832 ducimus
1230 1775 1264 1834 et
1297 1769 1407 1853 ἄγομεν
1440 1769 1626 1830 rimabamur

366 1872 482 1934 iecisse
515 1873 743 1948 pronunciandi
773 1874 956 1950 discrimen,
987 1875 1017 1937 id
1040 1875 1165 1950 siquis
1193 1875 1348 1952 perbibet,
1379 1874 1528 1948 equidem
1554 1887 1625 1946 quo·

366 1975 475 2036 minus
508 1975 541 2036 in
575 1975 721 2036 animum
755 1974 817 2036 sibl
850 1977 982 2038 inducat
1014 1991 1077 2038 non
1108 1977 1280 2055 intercedo,
1310 1975 1507 2038 contrarium
1541 1972 1626 2034 enim

366 2077 580 2139 demonstrari
614 2076 734 2154 nequit,
769 2078 802 2138 et
834 2077 1053 2140 Alexandrina
1082 2082 1169 2142 certe
1199 2080 1306 2141 aetate
1335 2092 1432 2140 nemo
1462 2075 1628 2136 dubitabat

366 2179 443 2252 quin
466 2177 574 2252 eplcae
597 2177 725 2252 linguae
747 2177 864 2240 luisset
885 2181 1048 2256 proprium
1071 2183 1283 2255 augmentum
1305 2193 1465 2254 spernere.

410 2473 498 2535 Haec
520 2474 549 2534 si
572 2473 777 2549 probabiliter
797 2477 875 2534 sunt
896 2474 1070 2552 disputata,
1094 2475 1239 2548 sequitur
1262 2478 1299 2536 ut
1317 2475 1530 2548 augmentum
1553 2473 1625 2533 scri·

365 2575 482 2636 bamus
504 2575 683 2649 ubicunque
703 2590 759 2650 per
780 2575 923 2636 metrum
946 2576 1052 2650 liceat,
1076 2577 1228 2650 quoniam
1252 2577 1348 2636 metri
1377 2577 1506 2635 tantum
1530 2587 1628 2634 causa

365 2674 483 2748 negligi
516 2674 608 2735 solet.
640 2674 753 2748 Itaque
783 2675 812 2734 si
843 2676 922 2736 nllril
953 2676 1073 2737 habent
1094 2677 1220 2736 numeri
1245 2690 1359 2736 versus
1382 2674 1466 2747 quod
1490 2673 1626 2734 alteram

363 2775 490 2835 litteras
519 2775 680 2836 dividendi
709 2775 868 2836 rationem
893 2777 999 2851 magis
1022 2776 1237 2852 commendet,
1261 2775 1440 2836 scribemus
1466 2768 1533 2834 οὐδ’
1561 2770 1626 2834 let

365 2897 464 2954 νανεο,
497 2869 522 2934 σ’
555 2873 665 2957 ἔερεφε,
695 2871 721 2936 l’
756 2870 833 2954 ἔνιψ’
858 2876 985 2952 aliaque
1012 2877 1180 2938 eiusmodi.
1204 2877 1267 2937 Ubi
1291 2878 1324 2938 in
1348 2877 1486 2938 lectione
1509 2877 1628 2936 tradita

365 2980 524 3040 omissum
555 2982 607 3041 est
636 2983 849 3054 augmentum
879 2980 1066 3058 temporale,
1096 2981 1180 3055 quod
1202 2979 1347 3041 additum
1371 2981 1475 3040 metro
1498 2993 1561 3040 non
1585 2978 1629 3038 sit

364 3081 558 3158 nociturum,
580 3081 753 3158 addemus;
777 3073 846 3161 ἦρχε
869 3082 968 3158 igitur
990 3097 1065 3143 cum
1088 3081 1214 3156 Heynio
1239 3082 1419 3142 scribemus
1442 3083 1471 3138 Γ
1490 3081 1564 3156 447,
1588 3079 1626 3140 ad

365 3180 551 3257 exemplum
568 3185 747 3244 ceterorum
760 3183 914 3260 locorum,
927 3184 981 3244 ubi
993 3183 1052 3244 boo
1064 3183 1289 3258 imperiectum
1302 3183 1435 3256 legitur;
1449 3181 1529 3242 item
1541 3178 1626 3263 ᾔδετο

369 3284 473 3344 Φ468
494 3284 572 3360 ζ66,
594 3285 658 3345 329
683 3285 760 3346 086
781 3287 814 3346 et
834 3282 963 3370 ᾔδεσθεν
983 3287 1016 3344 Η
1026 3286 1078 3362 93,
1101 3284 1217 3346 collato
1244 3281 1369 3368 ᾐδέσατο
1389 3305 1413 3359 φ
1434 3281 1476 3343 28
1497 3281 1631 3356 aliisque

366 3387 471 3448 verbis
505 3387 651 3449 eiusdem
669 3387 941 3469 conformationis]
958 3383 1048 3472 ᾔνεον
1067 3385 1172 3472 ἤρεσας
1201 3387 1229 3448 sl
1254 3387 1326 3460 quis
1350 3387 1461 3447 autem
1483 3385 1627 3444 Fickium

364 3492 506 3569 secutus,
525 3490 639 3552 aliisve
661 3492 862 3566 argumentis
882 3491 1064 3568 perductus,
1084 3489 1223 3552 ionicum
1243 3489 1387 3551 vocalem
1408 3511 1428 3568 q
1447 3503 1502 3565 per
1523 3487 1625 3548 totum

366 3594 544 3656 Homerum
566 3594 600 3655 ln
620 3607 639 3652 u
658 3594 848 3656 mutandam
868 3610 940 3656 esse
959 3595 1020 3656 sibi
1032 3594 1229 3670 persuaserit
1245 3586 1276 3671 ¹),
1295 3583 1628 3678 distemperatae,

365 3696 465 3780 ᾄνεον,
487 3697 575 3780 decore
598 3699 658 3758 etc.
681 3699 867 3758 constanter
889 3697 1017 3774 scribet,
1041 3697 1313 3770 quemadmodum
1334 3699 1367 3758 in
1391 3697 1483 3756 textu
1501 3695 1627 3768 recepto

365 3798 516 3860 scribitur
546 3789 618 3856 ἄασε
647 3789 808 3856 dcccdccc
831 3798 959 3872 propter
983 3796 1382 3872 vocaleminsequentem.
1410 3795 1520 3868 Neque
1547 3793 1626 3853 codi-

366 3913 442 3958 cum
475 3897 658 3958 reverentla
690 3896 850 3958 deterrere
883 3912 944 3958 nes
977 3897 1095 3972 poterit
1125 3899 1297 3970 quominus
1328 3895 1439 3974 ὤτρυνε
1464 3893 1626 3956 ὡπλίσσατο

365 3996 480 4078 ὤρνυτο
502 3995 590 4080 ᾤχετο
613 3987 687 4056 εἷλκε
709 3987 786 4056 εῖνεο
809 3997 842 4058 et
864 3997 985 4058 similla
1007 3997 1199 4074 scribamus,
1223 3997 1353 4059 etiamsi
1370 3993 1474 4076 ὄτρυνε
1492 3994 1543 4057 vel
1565 3992 1627 4055 ilar
1693 4011 1696 4018 ·

366 4099 399 4160 ln
433 4099 583 4160 omnibus
617 4097 781 4172 mscrlptls
816 4099 849 4159 et
882 4114 967 4159 nunc
996 4099 1122 4173 legatur
1157 4101 1190 4160 et
1219 4100 1258 4160 ab
1289 4099 1476 4158 Aristarcho
1507 4098 1626 4158 lectum

366 4199 419 4260 sit.
455 4200 493 4260 In
527 4198 725 4260 diudicandis
756 4201 867 4260 autem
897 4200 1013 4274 verbis,
1044 4215 1126 4273 quae
1157 4198 1323 4273 asyllabe
1346 4221 1393 4258 εν-
1418 4200 1469 4260 vel
1492 4219 1531 4258 εν-
1553 4197 1627 4258 inci·

365 4299 468 4376 plunt,
498 4299 735 4359 recordabimur
765 4299 992 4373 mscriplorum
1016 4300 1140 4359 nullam
1164 4300 1293 4360 omnino
1316 4315 1388 4360 esse
1415 4298 1523 4375 iidem,
1546 4313 1628 4372 quae

365 4399 418 4459 vel
440 4397 560 4458 Atticis
581 4397 788 4470 scriptoribus
811 4412 942 4458 summa
964 4399 1144 4473 pervicacia
1165 4399 1333 4458 obtrudere
1356 4399 1482 4458 soleant
1507 4397 1628 4457 iormas

366 4497 478 4571 quales
512 4498 590 4556 sunt
621 4487 721 4572 εὗδον,
755 4491 862 4573 εὔχετο,
895 4495 997 4572 εἴκαζε,
1034 4498 1111 4558 licet
1150 4513 1192 4556 ex
1225 4495 1384 4571 lapidibus
1419 4499 1627 4568 veterumque

365 4599 652 4672 grammaticorum
688 4596 885 4658 testimoniis
917 4595 1000 4657 satis
1033 4611 1191 4672 superque
1226 4598 1352 4658 constet
1384 4595 1523 4658 Graecos
1549 4594 1627 4656 olim

401 4813 420 4878 ¹)
437 4815 493 4864 ru.
511 4815 526 4876 p
544 4817 568 4864 s.
