3848 5688
966 759 1007 818 54

689 953 875 1025 καστορνῦσα
912 970 945 992 =
967 953 1227 1025 καταστορνῦσαρ
1269 947 1321 1007 32.
1375 973 1378 978 ·

690 1043 816 1122 κάσχεθε
914 1068 947 1090 ·-=
968 1043 1130 1123 κατάσχεθε
1210 1051 1241 1104 Λ
1265 1047 1339 1106 702.

690 1143 815 1203 κάκτανε
913 1167 946 1190 =
968 1143 1129 1204 κατάκτανε
1214 1147 1238 1202 Ζ
1268 1147 1340 1206 164.

404 1241 537 1304 Accedit
568 1241 706 1327 κακτείνῃ
740 1266 756 1322 χ
788 1246 828 1306 is
863 1261 881 1306 e
914 1247 1026 1306 nostra
1059 1245 1253 1322 conlectura,
1284 1247 1316 1306 iu
1348 1245 1488 1306 Hesiodo
1511 1247 1622 1306 nutem

359 1341 479 1416 legitur
499 1342 677 1420 κακτάμεναι
700 1344 788 1406 Sciit.
812 1347 886 1407 453.

403 1441 512 1504 Etiam
540 1445 785 1519 praepositionis
814 1445 873 1505 ὑπό
898 1447 1002 1507 forma
1029 1446 1251 1520 monosyllaba
1275 1461 1337 1506 uno
1361 1446 1429 1506 loco
1455 1445 1622 1520 reperitur,

360 1541 563 1622 ὑββάλλεινΕ
577 1541 756 1624 ὑποβάλλειν
781 1547 809 1604 Τ
828 1547 881 1622 80,
912 1547 1055 1620 itemque
1078 1543 1121 1604 άκ
1143 1561 1200 1620 pro
1223 1543 1282 1605 tud
1305 1547 1443 1607 occurrit
1467 1561 1530 1606 uno
1554 1545 1623 1604 loco

360 1665 376 1702 o
400 1643 453 1720 88,
477 1641 630 1722 ἀππέμψει
652 1661 709 1720 pro
733 1643 911 1726 ἀποπέμψει.

404 1745 466 1808 Sed
496 1747 656 1809 rationem
684 1750 887 1810 constantem
917 1751 950 1810 ot
977 1747 1173 1824 probabilem
1197 1749 1228 1808 ln
1253 1763 1390 1823 apocope
1414 1746 1622 1822 significanda

360 1863 464 1925 nequo
486 1849 613 1913 codices
635 1865 738 1927 ueqrro
761 1850 917 1915 oditionos
941 1852 1073 1914 liomeri
1096 1855 1284 1928 seqrurntur.
1309 1852 1390 1913 Nom
1411 1852 1501 1928 luges
1520 1851 1621 1912 ollito·

361 1953 541 2032 graphione,
576 1954 691 2030 qulbus
724 1955 938 2031 obtemperari
968 1955 1051 2018 solet
1082 1955 1114 2016 in
1146 1956 1276 2018 odendis
1299 1957 1508 2032 scriptoribus
1531 1957 1620 2018 ihno·

361 2055 419 2134 cls,
450 2057 558 2119 ierunt
589 2061 626 2120 ut
655 2061 713 2121 aut
741 2061 936 2123 coniunctim
959 2056 1099 2138 ἀμφόνον
1122 2055 1289 2139 &piaccia
1311 2058 1442 2141 uayydvv
1466 2063 1527 2122 otc.
1551 2061 1624 2120 scri·

362 2157 466 2235 batur,
490 2159 557 2236 aut,
581 2161 609 2221 sl
633 2161 825 2222 dirimantur
848 2177 954 2238 voces,
973 2158 1011 2220 ἂν
1031 2159 1139 2238 φόνον,
1157 2155 1195 2219 ἂν
1214 2159 1340 2239 βωμοῖσι
1363 2165 1435 2238 etc,
1456 2178 1496 2223 ne
1516 2163 1625 2222 littera

362 2279 380 2316 ν
403 2257 435 2318 in
458 2261 692 2336 praepositione
714 2259 794 2335 dvii)
817 2263 890 2324 aliis
912 2265 1036 2337 legibus
1059 2262 1160 2324 teneri
1184 2263 1331 2323 videatur
1360 2279 1458 2336 nunm
1482 2265 1515 2324 in
1538 2277 1624 2338 prae·

361 2359 574 2433 positionibus
600 2362 657 2424 σύν
688 2365 722 2425 et
751 2361 790 2424 iv.
823 2365 884 2426 Sed
916 2364 943 2424 si
975 2379 1037 2425 uno
1060 2364 1214 2425 vocabulo
1239 2363 1260 2434 ¹)
1283 2365 1455 2425 scribimus
1477 2361 1626 2442 ἀμφόνον,

361 2463 470 2537 quidni
493 2464 593 2526 otiam
613 2460 744 2542 ἐκφόνου
763 2468 797 2528 ot
815 2463 935 2552 ἐμφόνῳ
954 2467 1080 2540 aliaque
1095 2466 1126 2527 id
1141 2481 1243 2541 genus
1259 2467 1407 2543 plurima,
1420 2466 1623 2541 qrrcnradrno·

362 2565 441 2626 dum
464 2565 679 2629 Athenienses
701 2568 778 2628 olim
803 2583 936 2629 exarare
959 2568 1106 2628 solebant
1128 2582 1155 2629 e.
1169 2583 1199 2642 g.
1224 2569 1343 2647 εγβολεσ
1362 2569 1382 2630 i.
1400 2585 1427 2630 o.
1452 2565 1483 2628 in
1505 2568 1626 2645 βουλῆς,

362 2669 598 2726 rotelandam
621 2667 642 2729 i.
661 2686 688 2729 e.
713 2666 745 2729 ἐν
769 2669 859 2752 στήλῃ
881 2668 985 2752 λιθίνῃ
1007 2670 1054 2739 ²)?
1078 2669 1215 2729 Omnino
1240 2684 1315 2729 vero
1338 2670 1385 2728 sic
1407 2670 1625 2743 obtemperan-

362 2767 440 2826 dum
474 2767 536 2827 erit
565 2768 771 2843 Aristophani
795 2769 1008 2843 grarnmatleo
1032 2766 1249 2847 ἕνιμμεγάροισι
1279 2770 1374 2830 scribi
1405 2769 1528 2828 iubenti
1550 2767 1624 2838 (vid.

362 2869 380 2938 ἓ
416 2867 478 2934 26).
517 2867 653 2928 Divlslm
688 2872 798 2930 autom
833 2872 862 2929 si
893 2871 1021 2931 edimus
1051 2865 1092 2946 tp
1128 2867 1190 2946 (ἀμ)
1221 2867 1329 2946 φόνον,
1357 2867 1413 2948 κὰγ
1443 2872 1520 2946 (noy)
1543 2866 1627 2947 γόνυ,

363 2967 635 3039 quemadmodum
666 2970 759 3031 hodie
789 2969 857 3032 lieri
889 2971 1020 3046 assolet,
1048 2969 1138 3030 nulla
1161 2971 1213 3030 est
1235 2985 1333 3030 causa
1356 2969 1528 3044 quantinus
1550 2967 1624 3028 alia·

363 3085 435 3130 rum
460 3084 584 3143 quoque
609 3086 723 3131 vocum
747 3072 856 3134 littera
878 3072 984 3133 finalis
1008 3072 1253 3133 assimulatione
1277 3075 1431 3147 mutetur,
1457 3073 1566 3145 itaque
1593 3072 1625 3130 in

363 3172 491 3231 textum
507 3171 716 3232 Homericum
727 3173 907 3234 invehenda
920 3174 971 3234 vel
983 3175 1090 3248 potius
1103 3189 1144 3234 ex
1156 3174 1377 3234 monumentis
1388 3173 1524 3247 publicis
1536 3173 1625 3233 resti·

363 3271 483 3332 tuenda
506 3272 654 3333 videntur
678 3270 712 3350 ἕμ
734 3273 829 3358 φόνῳ,
851 3271 911 3351 obp
934 3272 1030 3358 φόνῳ,
1054 3271 1111 3350 cipp
1131 3271 1229 3349 πόλιν,
1253 3271 1307 3352 τὴν
1325 3273 1439 3353 κούρην
1459 3274 1625 3347 multaque

364 3371 428 3432 alin
457 3374 641 3436 huiusmodi
664 3377 696 3445 ³).
729 3375 832 3452 Quam
856 3375 955 3437 libere
977 3377 1088 3436 autem
1116 3375 1320 3436 assimulatio
1345 3409 1385 3419 -
1409 3375 1437 3436 si
1461 3375 1570 3435 minus
1593 3375 1625 3434 in

364 3475 464 3551 libris,
495 3477 529 3536 al
552 3476 584 3537 in
607 3492 662 3538 ore
684 3481 770 3539 certe
793 3478 899 3553 gentis
923 3477 1062 3539 Graecae
1083 3477 1218 3538 -olim
1239 3479 1388 3553 grassata
1412 3477 1517 3553 luerit,
1541 3476 1624 3537 lucu·

365 3579 467 3640 lenter
497 3579 638 3642 ostendit
667 3582 720 3642 lex
752 3583 915 3659 Gortynia,
940 3583 973 3642 in
1001 3597 1065 3656 qua
1088 3581 1205 3656 legitur
1229 3597 1256 3642 e.
1280 3595 1310 3655 g.
1336 3577 1430 3640 indue
1453 3583 1494 3640 ul
1519 3584 1625 3653 (επις)

363 3686 401 3766 λῇ
434 3684 468 3745 et
500 3681 613 3764 πατρὸδ
646 3688 688 3755 (=
700 3682 821 3765 πατρὸς)
855 3687 973 3759 darton.
1014 3684 1086 3746 Alia
1122 3685 1184 3747 vid.
1220 3685 1303 3759 apud
1340 3684 1576 3746 titillant-Blass
1610 3685 1624 3744 I

363 3802 393 3862 p.
420 3787 483 3847 267
507 3787 599 3848 inira.

408 3879 470 3950 Sed
493 3891 629 3963 utraque
653 3891 706 3950 via
727 3891 826 3952 nimis
849 3891 942 3967 longe
965 3891 1099 3952 discedit
1119 3906 1140 3950 a
1161 3890 1285 3950 ratione
1305 3889 1466 3964 hodierna,
1486 3891 1518 3948 et
1539 3903 1623 3962 mag·

364 4005 424 4050 aas
446 3989 614 4051 molestias
636 3990 706 4051 sine
730 4007 807 4092 uera
830 3992 970 4054 utilitate
994 3992 1045 4051 hle
1063 3990 1212 4052 videmus
1234 3991 1374 4063 paratas.
1395 3989 1510 4048 Restat
1529 3991 1625 4049 tertia

366 4131 582 4140 --..-—--—-—·

398 4209 418 4276 ¹)
435 4213 464 4260 ln
491 4212 623 4260 codicibus
648 4213 858 4274 praepositiones,
884 4213 962 4260 olium
987 4207 1137 4269 disyllabus,
1162 4208 1258 4269 passim
1285 4208 1408 4256 vacabulo
1431 4208 1548 4267 sequenti
1570 4209 1626 4256 sine

362 4293 466 4355 proprio
483 4295 590 4341 accentu
607 4293 790 4355 praeligantur.

395 4369 416 4438 ἕ)
434 4374 548 4422 Plurima
571 4387 637 4434 qaue
661 4373 711 4420 huo
734 4373 863 4433 pertinent
886 4371 1015 4432 congessit
1035 4367 1204 4417 lioistorhana
1224 4368 1382 4414 Grornuruiilr
1399 4367 1422 4414 ri.
1443 4369 1487 4414 nti.
1507 4367 1625 4415 lrrsohrii·

362 4448 416 4500 ton¹
432 4467 457 4514 p.
476 4455 506 4501 sl
525 4467 581 4513 sqq.
597 4477 630 4488 -
643 4451 737 4500 Notsin
755 4455 795 4499 esi
811 4451 926 4512 dignum,
942 4449 1111 4497 Athenienses
1129 4446 1205 4494 modo
1224 4451 1314 4506 aornim
1335 4446 1533 4506 moderannum
1550 4447 1625 4494 modo

361 4537 460 4592 ιισκηλιμ
480 4531 549 4592 (oum
562 4531 658 4578 voculis
675 4531 842 4590 productione
856 4524 1025 4589 suppletoris)
1039 4526 1174 4585 sorlpsisso
1188 4525 1213 4570 iu
1228 4525 1399 4570 monumentis
1413 4525 1523 4583 publicis
1538 4537 1623 4571 receu-

361 4611 432 4658 iiorls
450 4611 549 4672 scistis,
567 4611 616 4658 rid.
641 4610 701 4657 ibid.
720 4623 745 4671 p.
763 4611 795 4657 86
813 4619 842 4655 n·
860 4610 917 4656 866.
936 4606 1010 4654 liuud
1028 4605 1102 4651 alitor
1124 4603 1268 4650 Zcrrodotns
1290 4603 1384 4661 aliique
1404 4605 1511 4649 dedente«
1531 4609 1555 4648 Ν
1569 4605 1624 4661 266,

360 4691 478 4752 κασσνδίῃ
505 4693 526 4736 Β
551 4691 590 4751 12,
614 4685 761 4755 d(o)csr2om
784 4691 809 4736 Κ
825 4689 865 4749 32,
887 4681 1026 4750 timeum
1048 4685 1075 4730 A
1093 4684 1148 4736 666,
1171 4676 1311 4745 ὄ(σ)ανησον
1331 4684 1353 4727 Κ
1370 4683 1426 4741 lto,
1444 4677 1623 4745 d(o}c‹rloso3nr

363 4772 383 4816 B
408 4771 457 4818 osi
479 4769 627 4819 scribebant
649 4769 690 4818 rol
714 4769 800 4832 potius
819 4769 846 4816 in
870 4767 943 4814 libris
959 4765 1013 4813 sais
1036 4763 1132 4822 scriptu
1154 4759 1325 4820 inveniebant,
1343 4759 1376 4806 ci.
1393 4760 1430 4806 Lu
1447 4760 1532 4808 llecbe
1548 4760 1623 4808 Τοιά-

360 4849 436 4898 kritik
453 4863 478 4912 p.
496 4853 546 4900 664
563 4865 610 4914 η,
628 4849 751 4901 Lndwicb
769 4848 909 4898 Aristsrob.
927 4847 939 4894 1
958 4846 990 4892 ud
1008 4845 1078 4893 locos
1095 4839 1220 4889 laudatos.

392 4925 414 4994 ³)
433 4929 727 4983 scholasticuli.
746 4945 772 4993 p.
791 4929 831 4978 66.
