3952 5700
329 763 347 832 5
370 767 401 834 5]
944 769 985 826 27

329 947 407 1006 olim
438 947 560 1008 dixisse
594 945 664 1025 ληός
696 949 852 1010 discimus
881 965 923 1010 ex
948 950 1066 1010 Aneod.
1091 949 1193 1010 Oxou.
1218 949 1232 1009 1
1257 951 1337 1009 265:
1365 944 1397 1006 ιδ
1419 944 1490 1019 λαός
1513 941 1595 1025 ires-

329 1067 403 1107 mov
432 1045 526 1126 ίμεινε
555 1043 623 1124 παρ’
649 1043 778 1134 Ὁμήρῳ,
808 1049 902 1110 καίτοι
925 1059 961 1135 σή
988 1045 1212 1134 μεταγενεστίρᾳ
1235 1043 1309 1109 Ἰάδι
1335 1043 1453 1127 τραπίν.
1486 1043 1596 1124 Ληδν

329 1147 508 1228 ἀθρήσας
536 1143 686 1223 Ἱππῶναξ
720 1151 769 1221 (ir.
802 1152 865 1222 88).
898 1151 1085 1214 consentire
1109 1151 1236 1212 videtur
1258 1149 1422 1224 inscriptio
1446 1147 1595 1210 vetustae

330 1253 503 1325 amphorae
539 1249 748 1325 chalcidicae,
783 1252 816 1311 in
850 1268 913 1325 qua
947 1252 1034 1327 pieta
1068 1253 1119 1313 esi
1150 1250 1316 1311 Petronios
1347 1250 1397 1321 (ei.
1429 1247 1599 1308 Kirchhoff

331 1349 477 1426 Alphee?
508 1367 537 1425 p.
573 1352 664 1420 illi:
699 1352 921 1428 ΛΕΟΔΟῩΟΣ
950 1354 1191 1426 οιΑΙΝΕΕΣ;
1216 1351 1374 1412 recentior
1398 1361 1594 1421 veroquam

329 1468 387 1515 nos
416 1453 556 1513 dicimus
585 1453 649 1526 lae,
680 1467 719 1511 en
748 1451 902 1512 nimirum
926 1469 1009 1527 quse
1033 1470 1073 1514 ex
1098 1453 1359 1528 inscriptionibus
1381 1450 1594 1525 cognoscitur,

329 1570 390 1615 non
414 1555 518 1615 iorma
540 1551 610 1630 ληός
635 1555 739 1614 uiiiur
761 1554 818 1615 sed
841 1553 921 1627 λεώς.

372 1656 561 1736 ν’ίμφιάρᾶος,
589 1655 672 1728 ίλᾱος
701 1656 769 1728 (sed
801 1655 888 1735 λληκα
917 1659 936 1728 5
960 1661 1045 1734 295),
1076 1649 1226 1738 τετράοροι
1249 1678 1267 1715 ν
1286 1657 1339 1734 81,
1367 1657 1424 1718 sed
1444 1653 1596 1733 μετήορος,

328 1758 488 1837 παρήορος,
510 1757 666 1838 συνήορος.

372 1849 446 1936 άμός
469 1860 522 1920 vel
545 1853 619 1937 άμδς
643 1861 694 1930 (cf.
718 1863 736 1930 ἓ
760 1863 824 1936 95),
847 1862 904 1922 sod
926 1857 1072 1941 ήμίσερος.

372 1952 531 2037 Ἀλκμάων,
557 1953 721 2037 Νμοπάων,
745 1953 914 2037 Ἀμυθάων,
940 1953 1094 2037 Νπισάων,
1121 1952 1271 2038 Νρειάων,
1300 1952 1421 2036 Ἰάονες,
1445 1950 1595 2034 Ἱκειάων,

327 2051 470 2138 Λυκάων,
499 2052 647 2137 Μαχάων,
677 2052 863 2137 Ποσειδάων,
899 2052 1064 2137 διδυμάων,
1099 2053 1211 2120 ὀπάων.
1242 2060 1432 2136 Discrepant
1468 2057 1594 2136 Παιήων

327 2160 455 2238 (παιήων
496 2165 527 2222 Α
565 2165 640 2238 473,
680 2161 831 2239 ληπαιήων
870 2164 901 2223 h.
942 2163 1000 2237 Ap.
1037 2165 1111 2238 272,
1146 2164 1222 2233 517)
1262 2163 1296 2224 ei
1329 2162 1391 2224 edi.
1428 2157 1595 2238 Ποσλδήισν

330 2264 439 2323 11506
464 2263 574 2334 ζ266.

370 2355 555 2439 πολυπάμων
584 2365 666 2425 dives
697 2369 724 2423 Δ
755 2369 829 2439 433,
860 2367 917 2426 sed
949 2364 1205 2443 Πολυπημονίδαο
1235 2388 1259 2425 ω
1286 2367 1350 2426 395
1382 2366 1427 2435 (ei
1457 2362 1594 2440 Πάμμων

328 2462 360 2520 Ω
383 2465 447 2523 250
471 2463 621 2534 Aeolice).

341 2555 344 2562 ¹
374 2561 486 2622 Θεάνά.

371 2656 482 2740 άνερες,
512 2656 641 2744 Βιάνωρ,
668 2666 725 2727 sed
755 2664 884 2745 Ἀγήνωρ
915 2667 1026 2738 (etiam
1057 2667 1119 2727 adi.
1150 2662 1291 2746 άγήνωρ),
1316 2663 1486 2742 Πλπήνωρ,
1509 2662 1593 2740 Εὐή-

328 2785 388 2842 νωρ
412 2764 523 2834 (eiiam
547 2765 608 2827 551.
634 2763 771 2846 εάήνωρ),
792 2763 912 2846 ήνορίη,
934 2763 1088 2846 ἀγηνορίη.

373 2858 430 2944 άήρ
454 2869 495 2938 (ίί
518 2869 582 2929 854
607 2891 626 2946 η
653 2871 714 2930 143
739 2893 748 2928 ι
775 2870 859 2945 144),
882 2886 954 2945 gen.
978 2865 1072 2949 ήίρος.

373 2975 498 3047 ναῦφιν,
527 2970 649 3049 ναύτης,
682 2972 829 3048 Ναυτεάς,
865 2971 1067 3051 ναυτίλλομσι,
1103 2972 1249 3050 ναυτιλίη,
1282 2971 1487 3052 Ναυβολίδης,
1519 2969 1593 3032 ναά-

325 3072 419 3148 λοχος,
452 3069 613 3149 ναάμαχος,
648 3069 817 3150 Ναυσικάα,
851 3072 1038 3150 Ναυσίθοος,
1068 3072 1272 3152 ναυσικλάτός,
1294 3071 1507 3150 ναυσικλεισός,
1535 3073 1593 3134 sod

325 3179 399 3249 νηῦς
429 3188 500 3247 gen.
532 3171 605 3251 νηός
632 3175 705 3250 eie„
730 3175 794 3236 dai.
820 3174 900 3250 plur.
925 3174 1025 3254 νηυσί,
1055 3192 1129 3237 cum
1161 3177 1223 3238 adi.
1250 3173 1334 3254 νήιος
1357 3176 1391 3237 θλ
1414 3175 1593 3252 composito

330 3273 507 3353 Κλυτόνηος.
532 3275 577 3338 Oi.
602 3279 620 3346 ἓ
646 3279 696 3338 75.

369 3386 476 3457 ψάρῶν
498 3381 619 3454 (genii.)
645 3383 669 3438 Ρ
690 3383 764 3456 755,
787 3381 844 3442 sed
868 3388 968 3460 ψήρας
992 3386 1081 3453 (acc.)
1106 3385 1139 3442 Π
1160 3383 1234 3444 583.

371 3473 458 3561 λάων,
480 3485 537 3544 sod
560 3480 635 3561 ίήος.
662 3483 707 3544 (ii.
731 3483 749 3554 ἓ
775 3485 825 3544 75.

368 3582 473 3662 κρατός
497 3585 558 3646 eie.
583 3599 603 3645 a
626 3599 704 3645 voce
728 3583 804 3663 κάρη
826 3587 844 3654 5
869 3586 922 3660 82,
949 3585 1006 3647 sed
1028 3606 1099 3665 πρη-
1122 3587 1155 3647 in
1177 3587 1355 3662 composito
1379 3583 1558 3664 κρήδεμνον.

370 3688 442 3756 λᾶας
465 3701 540 3746 eum
563 3685 625 3746 adi.
649 3676 751 3756 λάινος
774 3687 808 3746 ei
831 3687 961 3747 nomine
985 3678 1113 3766 Λάρισα.

370 3785 511 3864 &veseis
535 3788 569 3846 et
591 3784 742 3864 θννήοηι.

369 3888 443 3945 κᾶλα
467 3887 497 3946 li.
523 3885 617 3947 Mero.
644 3886 718 3962 112,
742 3885 799 3948 sed
821 3887 925 3965 κήλεος
947 3891 981 3948 ελ
1004 3886 1169 3966 περίκηλος.

370 3977 429 4061 μάν
452 3989 485 4046 et
507 3983 577 4063 μήν.

369 4082 451 4162 άᾱδα,
473 4085 600 4164 μεμάάς.

370 4177 471 4266 ίάγην,
493 4179 570 4258 ἆξαι.

371 4282 493 4363 ίδάμνά,
516 4283 627 4363 ίκίρνᾱ,
650 4285 748 4365 πίννά,
771 4288 899 4348 καθίστα
924 4291 952 4360 (ἓ
980 4293 1063 4366 195),
1088 4293 1144 4352 sed
1168 4291 1233 4370 ἴσεη
1253 4295 1315 4354 θλο.

369 4377 499 4446 πεινάων
522 4389 556 4448 et
579 4386 711 4462 similla,
734 4390 791 4449 sed
811 4386 986 4465 πεινήμεναι
1005 4393 1039 4451 et
1058 4386 1078 4467 ή
1097 4390 1192 4469 πείνη.
1212 4393 1322 4462 viis
1347 4394 1407 4454 191
1428 4397 1463 4455 et
1485 4397 1557 4456 195.

369 4487 405 4546 In
444 4488 613 4548 nominum
657 4489 794 4550 flexione
836 4490 1055 4565 vulgatissimi
1093 4493 1171 4553 suni
1204 4494 1339 4568 genitivi
1373 4496 1506 4556 termini
1540 4510 1591 4555 -αο
1671 4493 1674 4498 '

326 4590 360 4649 et
381 4581 467 4648 -άων,

369 4691 545 4754 Verborum
570 4693 602 4754 in
626 4702 678 4752 -ᾶν
699 4694 821 4756 formas
843 4695 1077 4774 sentientium,
1102 4713 1184 4773 quae
1204 4699 1456 4762 contractionem
1476 4713 1592 4776 passae

324 4811 396 4856 esse
421 4795 579 4873 videntur,
605 4813 717 4858 revera
740 4797 841 4858 eliam
861 4799 977 4860 hebere
998 4801 1166 4878 originem,
1187 4803 1295 4864 inesse
1313 4805 1425 4865 autem
1446 4802 1591 4865 vocalem

325 4909 344 4954 α
356 4899 469 4973 suapte
481 4901 598 4959 nature
609 4899 750 4978 longam,
763 4915 791 4961 e.
801 4915 831 4974 g.
844 4899 878 4961 in
889 4901 1056 4981 προσηύδα,
1067 4904 1136 4964 veri
1147 4906 1199 4965 esi
1210 4905 1426 4980 simillimum
1440 4907 1507 4978 cis
1518 4907 1590 4967 195.
