3952 5700
330 757 347 826 i
371 757 402 831 6]
945 755 985 819 33

372 947 418 1007 Ea
448 947 547 1021 igitur
576 946 710 1022 ratione,
741 961 840 1020 quam
870 945 998 1007 lilclrius
1029 946 1111 1023 iniit,
1141 947 1358 1010 inconstantia
1389 967 1453 1024 qua
1476 951 1509 1012 ln
1532 951 1593 1014 Ho-

330 1047 411 1108 meri
442 1047 535 1108 textu
565 1046 683 1107 tradito
714 1046 843 1106 vocales
868 1069 887 1104 α
915 1047 948 1107 et
971 1069 990 1123 η
1013 1048 1176 1108 alternant
1198 1049 1309 1123 nequit
1332 1051 1495 1126 explicari.
1520 1053 1594 1113 Iure

330 1151 440 1209 tamen
472 1149 602 1220 negavit
632 1147 711 1223 ipsis
742 1147 871 1208 vatibus
898 1149 1124 1222 imputandam
1146 1165 1228 1210 esse.
1254 1150 1315 1210 Sed
1339 1152 1507 1212 caesarei
1530 1169 1593 1213 non

330 1250 402 1309 inde
425 1250 477 1308 est
499 1248 671 1321 repetenda
693 1247 776 1320 quod
799 1248 938 1323 Aeolios,
962 1249 999 1308 ut
1021 1249 1150 1310 Fiokius
1173 1251 1332 1326 autumat,
1356 1251 1455 1312 locuti
1476 1253 1596 1313 luerint

331 1351 456 1410 veteres
489 1349 613 1423 poetae,
649 1349 754 1408 ionice
785 1363 861 1409 vero
891 1348 1115 1410 diasceuastae
1145 1351 1242 1422 abque
1273 1351 1432 1426 rhapsodi,
1464 1354 1521 1413 ssd
1554 1369 1595 1414 ex

331 1451 557 1522 antiquissima
591 1449 714 1508 ratione
748 1449 907 1508 scribendi
941 1450 1000 1509 aut
1034 1450 1127 1510 unice
1161 1452 1219 1508 aut
1252 1451 1433 1510 maximam
1468 1454 1594 1526 partem

330 1549 490 1624 prolluxit.
522 1549 645 1623 Nempe
675 1549 821 1609 carmina
851 1550 1023 1610 Homerica
1052 1565 1115 1621 quo
1143 1551 1286 1623 tempore
1310 1549 1429 1611 litteris
1452 1553 1595 1626 primum

330 1652 407 1710 sunt
429 1648 628 1723 consignata,
654 1681 694 1691 -
719 1647 789 1708 sive
812 1648 845 1708 ln
868 1649 947 1709 Asia
969 1649 1001 1709 id
1025 1665 1086 1711 usu
1111 1651 1238 1710 venisse
1265 1651 1432 1711 nobiscum
1456 1653 1595 1728 statuas,

331 1751 400 1812 sive
423 1750 643 1824 compluribus
665 1747 806 1810 saeculis
827 1752 901 1823 poet
923 1751 956 1810 in
982 1750 1092 1810 Attica
1114 1751 1243 1811 textum
1266 1751 1360 1811 illum
1384 1767 1481 1824 quem
1510 1752 1595 1812 novi-

263 1891 265 1895 ψ
332 1867 407 1912 mus
429 1853 544 1913 natum
568 1867 640 1912 esso
660 1867 804 1928 nemeae,
822 1885 862 1895 -
883 1853 1012 1926 signum
1034 1853 1065 1910 ll
1084 1866 1146 1912 non
1166 1851 1363 1914 inserviebat
1382 1853 1596 1929 designandae

333 1953 444 2028 vocali,
475 1954 532 2014 sed
563 1953 717 2027 spirantis
752 1953 817 2012 vim
849 1953 888 2013 ab
921 1953 1012 2014 initio
1042 1953 1103 2012 sibi
1131 1953 1290 2030 propriam
1316 1956 1360 2025 (=
1382 1955 1413 2024 h)
1435 1959 1596 2018 servabat.

333 2053 420 2113 Haec
450 2053 608 2114 scribendi
638 2053 721 2112 ratio
751 2053 784 2112 in
811 2053 921 2113 Attica
943 2068 1045 2125 usque
1068 2054 1108 2113 ed
1132 2054 1237 2126 quinti
1260 2056 1383 2116 saeculi
1406 2055 1504 2118 finem
1532 2073 1597 2133 per·

332 2154 469 2229 duravit,
494 2154 526 2213 in
549 2155 658 2214 Ionica
681 2168 756 2214 vero
776 2153 959 2212 litteratura
979 2153 1082 2213 multo
1102 2154 1264 2214 maturius
1283 2155 1446 2216 intercidit
1464 2157 1598 2233 spiritus

332 2269 426 2329 asper
456 2255 490 2315 et
520 2269 575 2329 pro
608 2255 728 2316 vocalis
758 2253 850 2328 signo
874 2254 1016 2316 adhiberi
1040 2255 1153 2329 coepta
1175 2256 1227 2315 est
1249 2255 1359 2317 littera
1383 2258 1423 2334 H,
1448 2260 1596 2321 attamen

333 2357 512 2430 antiquitus
542 2357 642 2417 stiam
673 2357 767 2417 Iones
797 2355 858 2416 boc
880 2355 1042 2416 elemento
1066 2371 1128 2417 non
1152 2357 1298 2418 vocalem
1321 2357 1379 2419 sed
1403 2359 1598 2434 spiritumlr

333 2460 566 2534 significabant.
605 2447 688 2535 Erg'o
728 2474 791 2532 quo
834 2462 977 2533 tempore
1012 2460 1161 2522 homines
1195 2460 1294 2521 ionici
1329 2461 1475 2524 carmina
1509 2463 1599 2539 epica

334 2564 472 2624 scribere
506 2563 689 2638 coeperunt,
724 2561 846 2624 vocalis
877 2569 897 2621 ᾶ
926 2564 984 2624 aut
1013 2562 1104 2636 signo
1128 2566 1156 2622 A
1185 2565 1243 2624 aut
1272 2564 1364 2638 signo
1388 2565 1416 2622 E
1439 2567 1509 2626 crat
1532 2566 1598 2627 red·

335 2665 452 2727 denda:
485 2665 619 2726 tertium
643 2679 707 2724 non
730 2664 866 2725 dabatur
891 2661 920 2734 ¹).
946 2665 990 2723 At
1013 2665 1045 2724 in
1068 2679 1132 2740 oro,
1157 2665 1186 2724 si
1209 2679 1273 2725 non
1295 2665 1596 2741 antiquissimorum

335 2769 514 2841 poetarum,
533 2767 621 2828 certe
640 2767 673 2827 in
693 2765 908 2842 posteriorum
928 2780 992 2840 ore,
1014 2766 1143 2840 longum
1165 2766 1260 2840 alpba
1280 2767 1424 2827 medium
1437 2770 1599 2842 quendam

336 2869 419 2929 inter
448 2869 575 2930 vocales
594 2875 615 2926 ᾶ
637 2871 671 2930 et
692 2873 709 2927 d
731 2882 848 2928 sonum
879 2866 1026 2943 babebat,
1054 2867 1155 2927 talem
1178 2866 1244 2927 lere
1267 2868 1398 2941 qualem
1421 2869 1598 2944 piscatores

336 2985 409 3030 oras
435 2972 565 3030 nostrae
592 2970 777 3030 maritimae
796 2969 971 3044 proferunt,
992 2967 1195 3029 subsimilem
1216 2969 1263 3028 illi
1283 2983 1380 3042 quem
1400 2986 1478 3032 oves
1499 2972 1599 3033 edunt

336 3069 491 3147 balantes,
515 3085 597 3142 quae
619 3071 727 3130 sintne
747 3069 846 3130 birico
865 3085 907 3129 an
926 3069 1034 3130 tuoe-n
1055 3069 1206 3130 dicendae
1225 3069 1311 3145 (gall.
1332 3069 1420 3142 debr)
1436 3073 1599 3134 nostrates

336 3171 483 3231 dubitant
494 3168 527 3240 ²).
541 3172 656 3245 Magna
673 3173 772 3246 igitur
783 3173 1000 3232 inconstantia
1011 3172 1044 3231 in
1057 3171 1238 3232 Homericis
1250 3175 1334 3232 bunc
1346 3187 1462 3234 sonum
1476 3175 1599 3249 scripto

336 3271 539 3344 designatum
572 3287 654 3346 esse,
686 3286 749 3331 non
779 3274 830 3332 est
859 3272 943 3345 quod
967 3272 1289 3345 miremur;.proprio
1313 3274 1424 3332 autem
1447 3274 1539 3346 signo
1563 3277 1600 3334 ut

336 3373 445 3443 posset
466 3371 610 3445 indicari,
642 3371 787 3430 vertente
810 3372 940 3432 saeculo
965 3369 1292 3430 vu⁰inter10nicas
1317 3372 1444 3433 vocales
1469 3376 1598 3448 recepta

338 3473 388 3531 est
409 3473 443 3530 H
461 3473 581 3533 littera.
606 3473 688 3533 Huic
710 3473 815 3547 Iones,
839 3472 872 3531 ln
895 3471 1057 3532 nonnullis
1081 3471 1167 3530 certe
1188 3471 1380 3548 regionibus,
1401 3473 1460 3534 hoc
1479 3489 1601 3535 munus

337 3572 516 3634 tribuerunt
547 3577 583 3634 ut
611 3574 809 3648 signiticaret
830 3581 850 3631 u
880 3574 1033 3649 ionicum,
1057 3571 1128 3633 sive
1150 3572 1267 3633 natura
1290 3587 1350 3633 sua
1373 3573 1507 3648 longum
1530 3576 1601 3636 sive

337 3691 378 3736 en
412 3675 573 3738 vocalium
604 3681 706 3746 il÷s
737 3677 955 3738 contractione
986 3677 1110 3750 ortum;
1143 3673 1235 3749 signo
1260 3677 1288 3733 i)
1321 3691 1396 3738 vero
1425 3679 1603 3752 pergebant

337 3779 466 3841 reddere
492 3781 636 3841 vocalem
659 3784 685 3854 d,
709 3779 779 3841 slve
803 3780 917 3854 suapte
941 3782 1057 3840 natura
1080 3779 1175 3852 longa
1199 3779 1287 3838 esset
1306 3777 1375 3839 sive
1395 3778 1602 3855 productione

337 3883 532 3957 suppletoria
561 3885 698 3944 extensa
720 3886 764 3955 (=
784 3885 830 3954 ει).
862 3883 1007 3943 l’rimum
1032 3883 1064 3942 in
1088 3883 1171 3943 lranc
1194 3896 1275 3957 rem,
1299 3895 1381 3954 quae
1404 3883 1527 3944 summi
1550 3885 1603 3944 est

342 4069 405 4078 ιι-ιι
407 4070 557 4078 ---------

373 4189 391 4251 'l
408 4192 470 4241 llam
495 4192 608 4240 carolina
631 4191 704 4252 opica
722 4205 753 4239 oo
770 4187 872 4240 dcmdm
895 4194 1012 4253 temporo
1029 4192 1127 4253 scripto
1144 4205 1201 4240 osae
1219 4191 1339 4238 nrsvrdatn
1355 4204 1407 4252 qno
1424 4192 1511 4240 littora
1530 4196 1553 4238 ll
1569 4190 1602 4238 ad

338 4272 450 4320 vocalem
474 4271 668 4332 significandam
694 4273 720 4318 in
746 4271 833 4319 Icn²ca
860 4272 1004 4320 litteratura
1028 4271 1144 4319 adhiberi
1167 4273 1258 4331 coepta
1285 4273 1363 4326 esset,
1386 4271 1404 4317 ti
1423 4273 1522 4318 unium
1544 4283 1603 4317 cum

338 4352 524 4412 probabilitatis
550 4352 637 4410 alqna
663 4351 751 4411 specie
777 4351 930 4398 contendere
953 4355 1070 4412 possunt,
1088 4351 1132 4410 qni
1149 4347 1256 4396 Iliadem
1275 4353 1302 4396 et
1318 4349 1458 4407 odysseam
1478 4349 1602 4396 Pisistrati

337 4431 408 4476 iussn
434 4431 543 4490 primum
570 4429 714 4489 descriptas
741 4443 798 4477 esse
824 4430 945 4484 credunt:
972 4431 1043 4488 stom
1070 4431 1108 4476 aio
1134 4430 1159 4475 irs
1183 4429 1275 4483 Attica,
1298 4429 1390 4474 Attea
1407 4428 1486 4486 igitur
1504 4427 1605 4484 litteris,

338 4509 447 4565 prinlum
473 4509 602 4566 descripta
628 4509 738 4556 iuiment
760 4511 873 4555 carmina
896 4510 1038 4562 Homerica,
1059 4512 1085 4554 ot
1102 4509 1198 4554 certius
1217 4511 1294 4552 etiarn
1313 4509 1382 4552 asset
1399 4506 1424 4551 id
1442 4505 1510 4564 qnod
1529 4505 1604 4550 modo

338 4586 537 4632 observavimus.

370 4661 602 4727 ¹)110cos0ratini
624 4666 665 4720 (ir.
685 4663 729 4727 aa)
749 4667 776 4710 at
795 4665 972 4724 Aristophanis
988 4659 1031 4728 (ir.
1051 4661 1120 4728 642),
1138 4665 1182 4710 ubi
1205 4667 1314 4728 πρόβατα
1336 4663 1456 4710 dicuntur
1475 4671 1507 4726 (rip
1524 4663 1603 4720 iiynv.

338 4756 402 4800 quoa
412 4747 470 4802 post
485 4744 655 4791 mnltoaalios
664 4745 874 4791 commemoravit
888 4745 962 4790 lilass
976 4744 1138 4802 Ausspracbe
1153 4743 1199 4790 dea
1217 4737 1413 4790 drienbzssbsni
1430 4756 1454 4800 p.
1470 4743 1510 4801 id,
1526 4739 1605 4787 verbo

337 4823 453 4882 tetigisse
470 4823 573 4870 sufficit
590 4823 628 4868 Ex
646 4822 803 4869 carminibus
822 4823 903 4881 epicla
920 4821 1046 4868 accedunt
1060 4822 1162 4881 μηκάδες
1178 4815 1246 4880 alyne.
1265 4835 1329 4880 quaa
1348 4834 1408 4867 nnnr
1427 4819 1489 4866 rici
1510 4819 1606 4866 metim

334 4904 440 4958 μάκαδας
457 4901 550 4949 dixerit
566 4897 610 4963 (ci.
631 4905 657 4948 Ψ
671 4899 715 4965 ³1)
734 4902 900 4948 vehementer
918 4901 1074 4948 dubitamus.

1486 4983 1500 5026 ³
