3922 5712
959 755 1023 816 254
1526 755 1555 828 [5
1578 755 1620 816 92

400 940 478 1021 ἄμμε
508 933 698 1021 (decimos
727 942 835 1003 emtor
860 945 920 1013 (me
946 945 972 1002 et
1000 945 1037 1011 te)
1068 941 1103 1000 Η
1119 941 1193 1018 232,
1219 942 1294 1018 378,
1315 943 1379 1004 337
1403 944 1512 1005 liaeo
1533 940 1617 1008 see

358 1046 390 1102 Χ
410 1044 473 1104 213
498 1042 530 1100 u
553 1044 616 1102 355
640 1041 659 1100 d
683 1043 745 1103 179
769 1045 811 1112 (ν.
836 1041 880 1111 li.

401 1141 478 1219 lippe
500 1134 682 1218 (deda-uos
704 1141 812 1202 ambos
836 1145 872 1212 (ie
895 1145 921 1201 et
943 1145 979 1210 te)
1008 1143 1042 1200 Ψ
1062 1141 1136 1201 412.

400 1242 628 1302 Nominativus
657 1238 735 1319 ἄμμε
757 1230 834 1320 (ips)
858 1242 985 1303 videtur
1006 1241 1085 1302 locis
1111 1241 1274 1302 nonnullis
1293 1243 1513 1304 restituendus
1538 1257 1621 1317 esee,

357 1346 397 1405 ci.
418 1344 494 1405 Hes.
518 1343 605 1404 Scut.
630 1343 672 1404 87
696 1339 789 1420 ἄμμες
817 1339 1019 1419 ἐπιπλομένων
1048 1339 1191 1402 ἐνιαυτῶν
1211 1337 1216 1423 Ι
1235 1337 1395 1422 γεινόμεθ’,
1417 1345 1472 1404 ubi
1494 1343 1622 1417 requiri-

358 1448 411 1506 tur
457 1440 548 1521 ’ἄμμε
582 1433 659 1520 (ripe)
692 1445 823 1522 meante
863 1443 892 1501 Φ
925 1443 989 1504 482
1023 1438 1164 1520 ἄμμες...
1201 1439 1400 1522 ἐκπέρσαντες,
1436 1445 1497 1519 leg.
1533 1441 1623 1522 ’ἄμμε

358 1537 483 1622 (ipsi...
497 1540 680 1623 ἐκπίρσανιε,
701 1544 874 1617 requiritur
894 1545 980 1603 enlm
997 1543 1204 1618 femininum
1225 1545 1391 1617 praeterea
1411 1548 1439 1602 Α
1463 1545 1537 1620 274,
1558 1545 1621 1604 335

359 1669 383 1722 φ
404 1647 479 1721 231,
509 1644 646 1705 fortasse
675 1644 761 1720 aliti,
794 1643 920 1704 videtur
947 1643 1024 1704 olim
1048 1638 1124 1720 ἄμμε
1147 1633 1224 1720 (ripe)
1248 1642 1371 1704 lectum
1394 1643 1494 1704 inisse
1519 1650 1550 1714 ¹).
1577 1642 1622 1703 ol.

359 1763 431 1822 pag.
459 1745 533 1808 190.

404 1851 441 1912 In
460 1849 607 1912 dialectis
629 1849 742 1911 Dorica
765 1849 895 1910 Aeolica
918 1848 1015 1910 Elaea
1037 1848 1233 1926 Thessalica,
1257 1865 1339 1924 quae
1364 1848 1492 1910 dualem
1516 1863 1623 1909 nume·

361 1971 434 2016 rum
464 1955 592 2015 mature
623 1953 814 2029 amiserunt,
845 1948 901 2032 ἁμέ
931 1949 1008 2031 ἄμμε
1040 1955 1073 2016 et
1103 1949 1159 2031 3μέ
1191 1949 1268 2032 ὔμμε
1291 1953 1476 2016 accusativo
1500 1952 1623 2015 numeri

361 2057 494 2134 pluralis
524 2057 722 2135 inserviunt;
757 2057 812 2132 qul
843 2073 915 2120 mos
946 2073 1043 2132 quum
1076 2056 1168 2120 iucile
1200 2058 1338 2134 irrepere
1362 2059 1512 2136 potuerit,
1536 2059 1624 2120 intel·

358 2162 498 2236 legimus
528 2161 557 2222 sl
582 2163 772 2236 reputamus
795 2175 968 2235 pronomen
992 2176 1048 2221 noe
1069 2161 1156 2222 idem
1182 2162 1288 2222 valere
1311 2163 1409 2235 atque
1435 2177 1485 2220 mo
1500 2170 1537 2228 -ι-
1551 2161 1626 2220 olion

360 2264 441 2335 (sive
469 2263 577 2338 plmen
609 2263 680 2323 eive
709 2266 832 2340 unum),
863 2279 914 2322 uos
944 2277 1040 2338 saepe
1072 2263 1160 2324 reddi
1192 2278 1285 2338 posse
1314 2267 1340 2322 tc
1355 2272 1392 2330 -ι-
1407 2264 1484 2324 ailoe
1515 2268 1627 2334 (ιιιιιινι

355 2361 519 2441 pluresve),
548 2363 707 2437 pluralem
738 2364 835 2437 igliur
865 2364 981 2424 horum
1011 2365 1237 2438 pronominum
1260 2363 1300 2424 ed
1324 2366 1476 2424 naturam
1501 2364 1627 2424 numeri

361 2464 467 2526 duslIs
496 2464 643 2540 proxime
672 2463 840 2539 secedere;
872 2465 1051 2539 comparari
1081 2467 1191 2526 autem
1215 2467 1351 2540 possunt
1374 2465 1435 2526 looi
1459 2465 1549 2540 epici,
1573 2463 1626 2523 nbi

362 2567 469 2629 dualis
498 2566 538 2628 de
564 2566 688 2626 duobus
710 2565 894 2639 agminibus
917 2567 1091 2640 usurpatur
1114 2566 1165 2628 vel
1196 2571 1270 2645 χεῖρε
1294 2561 1441 2643 ὀφθαλμώ
1465 2562 1532 2624 ὄσσε
1555 2564 1626 2625 dici-

364 2670 417 2728 tnr
450 2668 490 2727 de
524 2666 738 2740 complurium
774 2665 924 2726 manibus
958 2668 1055 2739 etque
1086 2667 1196 2744 oculis,
1230 2667 1292 2727 vid.
1324 2667 1342 2736 3
1374 2668 1425 2728 52.
1452 2699 1492 2709 -
1524 2665 1628 2725 Huius

363 2768 446 2829 labis
476 2767 509 2826 in
540 2767 634 2828 texto
665 2765 836 2826 Homerico
875 2765 1155 2840 deprehenduntur
1187 2767 1324 2840 vestigia
1355 2766 1434 2827 lools
1467 2766 1629 2827 nonnullis

363 2869 522 2943 corruptis
545 2869 602 2929 eut
624 2866 823 2940 recentibus;
844 2866 962 2939 legitur
982 2867 1068 2926 enim
1092 2863 1169 2944 ἄμμε
1188 2882 1244 2941 pro
1264 2858 1341 2945 ἡμας
1365 2870 1395 2926 Α
1415 2867 1503 2938 esu)
1522 2867 1552 2922 Σ
1567 2866 1630 2926 268

363 2993 374 3029 ι
399 2970 462 3029 404
493 2992 511 3028 ιι
535 2970 599 3029 209
623 2991 643 3044 μ
667 2968 729 3027 221
759 2989 775 3045 χ
800 2969 840 3028 73
865 2967 964 3037 (Pind.
990 2967 1037 3028 Ol.
1063 2968 1109 3027 IX
1136 2969 1219 3044 160),
1243 2963 1321 3044 ὔμμε
1344 2982 1400 3042 pro
1424 2959 1502 3045 ὕμνις
1524 2988 1542 3024 ν
1567 2968 1629 3026 357

365 3070 469 3130 σ407
493 3092 516 3129 ω
543 3071 623 3144 109;
647 3083 783 3142 quorum
807 3067 950 3128 locorum
974 3069 1116 3144 plerique
1138 3069 1231 3130 facile
1254 3070 1369 3143 corrigi
1390 3069 1535 3143 possunt.

409 3171 535 3244 Tragici
553 3171 635 3230 mire
649 3169 838 3244 perturbant
847 3169 1046 3244 pronomina,
1060 3185 1136 3229 nam
1149 3170 1352 3230 accusativos
1366 3185 1422 3244 σφε
1434 3171 1467 3230 et
1478 3191 1537 3245 νιν,
1548 3183 1630 3241 quae

365 3273 416 3331 est
446 3270 559 3331 Dorica
582 3269 685 3330 forma
715 3269 892 3330 accusativi
915 3270 995 3343 epici
1020 3292 1070 3345 μιν
1095 3269 1128 3346 ¹),
1164 3285 1238 3330 cum
1263 3271 1295 3330 lu
1319 3269 1473 3343 singulari
1496 3283 1630 3329 numero

365 3375 436 3431 tum
461 3372 493 3430 ln
517 3371 632 3446 plurali
657 3373 727 3431 tum
750 3371 783 3430 ln
806 3369 893 3431 duell
916 3370 956 3430 ad
979 3370 1109 3430 libitum
1132 3385 1229 3430 suum
1257 3372 1326 3431 sine
1350 3371 1415 3431 ullo
1446 3369 1630 3431 discrimine

365 3473 531 3547 usurpant.
564 3471 676 3532 Latius
706 3471 806 3533 etlam
836 3471 944 3546 gliscit
975 3473 1053 3533 haec
1085 3473 1214 3534 licentia
1245 3472 1329 3548 apud
1357 3473 1469 3548 poetas
1493 3472 1629 3532 Alexan·

366 3575 484 3651 dunos,
516 3589 596 3650 quos
626 3590 738 3636 veram
768 3575 994 3651 pronominum
1025 3577 1238 3653 complurium
1270 3577 1466 3651 potestatem
1495 3575 1629 3636 latuisse

365 3676 462 3739 multi
486 3676 546 3739 loci
570 3679 750 3756 testantem
775 3678 814 3741 ci.
841 3694 938 3755 supra
962 3679 980 3749 i
1006 3680 1058 3741 52.

412 3822 470 3907 (7)
492 3829 663 3892 Novlclom
685 3830 737 3890 est
759 3839 844 3914 σφῷν
867 3845 923 3906 pro
946 3838 1043 3906 σφῶιν
1066 3829 1084 3890 8
1108 3832 1161 3908 62,
1185 3830 1254 3892 loco
1278 3831 1396 3906 spurio.

413 3966 475 4047 (8)
495 3970 612 4031 Forma
623 3967 721 4044 σφωιν
732 3969 860 4030 nonnisi
872 3971 901 4028 A
912 3969 975 4030 338
989 3972 1020 4028 Λ
1033 3970 1096 4030 628
1109 3969 1129 4029 6
1141 3969 1182 4030 28
1195 3971 1304 4045 (spur.)
1316 3971 1331 4027 i
1344 3969 1407 4029 313
1419 3990 1439 4028 e
1453 3967 1516 4028 327
1529 3967 1630 4028 extat.

401 4200 423 4266 ¹)
439 4203 570 4264 Numquid
601 4202 677 4250 etitm
704 4202 776 4250 loons
801 4216 816 4248 e
841 4202 970 4250 l‘risoieno
993 4201 1006 4248 1
1032 4216 1056 4263 p.
1080 4203 1111 4250 m
1140 4202 1234 4250 elisius
1260 4202 1311 4250 huo
1337 4203 1461 4263 pertinet:
1489 4201 1632 4261 „digamma

366 4283 474 4340 ¹,deoles
498 4285 539 4330 eet
560 4283 662 4343 quando
690 4282 716 4329 ln
739 4282 827 4329 metris
851 4295 897 4343 pro
917 4282 997 4329 nihilo
1014 4279 1183 4343 accipiebant,
1200 4283 1230 4328 ut
1245 4281 1319 4342 ἅμμις
1337 4282 1360 4328 i'
1380 4275 1510 4346 frrpviffl
1528 4277 1630 4345 (ἴημα.

366 4361 481 4421 edeepot.
500 4361 532 4407 33
544 4361 637 4421 Bergk,
654 4361 687 4407 oi.
705 4373 784 4420 supr·
801 4374 859 4421 peg.
878 4357 979 4424 146,s)l
1003 4360 1153 4420 Suspioetur
1171 4360 1239 4407 enim
1257 4361 1365 4407 iortesee
1382 4361 1510 4420 quispam
1527 4362 1590 4420 ἄμμι
1607 4362 1632 4408 u

365 4433 479 4502 Jupiter
504 4439 606 4487 dedisse
632 4441 742 4500 poetam.
761 4463 791 4473 -
812 4439 849 4485 De
871 4437 984 4485 secunde
1007 4451 1116 4497 persone
1138 4439 1262 4485 disertum
1286 4439 1460 4484 testimonium
1478 4441 1547 4485 extet
1563 4437 1632 4498 epnd

366 4517 534 4575 Heeyohlumr
554 4517 619 4576 lippe·
638 4519 702 4576 ὑμᾶς,
721 4517 790 4573 opere,
807 4518 916 4569 αένλιιιιῑις.

398 4590 418 4652 ²)
435 4595 474 4640 Ex
499 4595 630 4655 duplicato
656 4593 802 4640 eocnsetlvo
826 4595 851 4651 Ῑμ
874 4593 1000 4652 prodiisse
1023 4595 1096 4653 (ημϊμ
1114 4595 1168 4641 sire
1184 4601 1224 4652 μτι
1242 4593 1306 4640 vidit
1322 4593 1476 4640 Doederlein
1503 4593 1590 4640 Reden
1607 4605 1630 4639 u.

366 4673 438 4719 Aule.
461 4671 487 4718 11
504 4687 529 4733 p.
555 4674 616 4727 144;
643 4671 703 4718 hino
726 4671 885 4730 intellegitur
908 4685 955 4719 our
977 4673 1002 4718 in
1025 4673 1118 4719 Dorice
1140 4673 1249 4719 dialecto
1273 4672 1356 4732 prime
1379 4685 1481 4732 quoque
1505 4673 1590 4719 littere
1613 4689 1630 4730 μ

367 4751 459 4797 abierit
483 4750 509 4796 ln
532 4768 553 4811 v,
575 4763 652 4810 quem
669 4751 838 4798 mutationem
861 4751 949 4810 lingna
966 4752 1064 4799 seneen
1084 4751 1183 4798 nonnisi
1200 4752 1226 4797 in
1244 4751 1295 4798 ilne
1311 4764 1403 4798 vocum
1422 4753 1479 4816 (eut
1495 4753 1631 4799 eomitante

362 4847 385 4888 J,
405 4843 427 4876 e.
444 4842 468 4887 g.
485 4826 700 4892 paim=ssdp1e)
716 4829 837 4886 admitto,
854 4830 905 4877 vid.
924 4831 954 4878 G.
973 4823 1072 4889 Meyer'
1094 4841 1120 4888 p.
1140 4830 1195 4876 1⁸⁶.
1217 4829 1322 4877 Scilicet
1347 4833 1487 4890 utrumque
1506 4848 1523 4889 μ
1545 4842 1633 4877 revere

367 4910 423 4953 eret
438 4919 517 4954 sonos
533 4907 630 4964 dneliu
648 4909 681 4955 ol.
699 4908 720 4954 1.
738 4909 772 4956 M.
787 4909 924 4968 Hcogvliet
941 4908 1141 4958 Grammatilrele
1160 4908 1294 4956 reedeelen
1311 4921 1336 4968 p.
1357 4911 1386 4955 lt
1405 4923 1444 4968 eq.

1818 5055 1919 5694 r
