3842 5690
952 715 1013 774 leo
1514 711 1543 782 [ἓ
1566 711 1608 770 tu

348 905 514 963 ridebatur
543 904 616 975 post
647 901 770 962 Bentiel
801 919 896 963 curas
919 903 1046 963 criticas
1072 935 1111 944 -
1137 918 1211 962 cum
1236 903 1383 964 citandus
1406 903 1495 962 esset
1516 901 1607 960 locus

347 1004 548 1080 Homericae,
583 1003 728 1078 appinxit
762 1004 904 1064 litteram
941 1005 1105 1076 digamma
1139 1002 1167 1072 ¹).
1201 1004 1245 1062 At
1269 1005 1340 1064 vide
1363 1003 1520 1077 quantillo
1544 1018 1606 1061 mo·

347 1107 457 1165 mento
480 1104 687 1179 impellantur
710 1108 838 1165 mentes
861 1105 1028 1165 bominum
1053 1105 1137 1165 inter
1160 1119 1283 1165 errores
1306 1107 1339 1165 et
1359 1120 1436 1165 vera
1458 1103 1606 1164 vacillan-

348 1209 413 1266 tes:
449 1220 511 1266 non
547 1207 788 1266 admirabantur
821 1221 958 1266 acumen
992 1207 1110 1280 ingenii
1145 1205 1324 1266 Bentleiani
1358 1221 1461 1278 neque
1495 1204 1607 1277 cupide

346 1307 541 1379 arripiebant
574 1307 643 1366 eius
676 1306 856 1382 inventum,
891 1308 947 1368 sed
981 1306 1128 1367 ridebant
1160 1305 1299 1366 formam
1332 1307 1418 1366 lusto
1451 1306 1608 1366 maiorem

346 1406 474 1466 litterae
506 1406 656 1466 insolitae
686 1403 840 1480 (Ρέοικας),
860 1420 958 1478 quarn
985 1405 1104 1481 „veluti
1128 1402 1262 1482 ἄμουσον
1289 1405 1449 1478 quendam
1472 1405 1606 1464 Saulem

346 1520 442 1580 super
465 1507 572 1565 cetera
594 1506 756 1566 elementa
779 1506 940 1566 eminere”
961 1507 1056 1566 dicax
1075 1508 1170 1580 poeta
1189 1505 1334 1566 acerbius
1352 1520 1452 1579 quam
1471 1504 1608 1564 facetius

345 1606 510 1666 iocabatur
533 1607 565 1675 ²).

392 1706 609 1780 Margaritam,
641 1705 733 1766 ouius
761 1705 901 1779 pretium
931 1707 985 1766 vix
1009 1721 1092 1766 unus
1115 1709 1148 1767 et
1171 1706 1253 1766 alter
1276 1706 1359 1766 inter
1382 1706 1507 1766 Bentlei
1530 1706 1607 1766 arni·

347 1823 402 1868 cos
435 1811 469 1868 et
503 1807 675 1882 discipulos
709 1810 894 1884 agnoverat,
929 1825 947 1869 e
978 1823 1075 1870 coeno
1102 1825 1165 1882 quo
1187 1809 1314 1869 abiecta
1335 1809 1462 1870 iacebat
1483 1809 1609 1883 primus

347 1911 482 1970 sustulit
515 1911 543 1970 is
576 1910 630 1983 qui
668 1909 869 1985 ,Bentleium
903 1910 981 1969 nibil
1016 1910 1050 1970 in
1084 1911 1214 1971 Graecis
1247 1911 1437 1986 cognovisse
1470 1911 1532 1971 nisi
1568 1925 1608 1970 ex

347 2011 505 2071 indicibus
527 2011 686 2085 petitum”
711 2011 873 2071 alllrmare
895 2027 958 2071 non
982 2012 1119 2072 erubuit.
1142 2011 1249 2072 'lertio
1281 2027 1365 2072 anno
1388 2013 1462 2086 post
1484 2010 1608 2070 Bentlei

348 2114 487 2173 mortem
507 2112 613 2172 lucem
633 2111 850 2187 adspexerant
869 2113 995 2175 Ricardi
1014 2114 1130 2174 Dawes
1148 2113 1352 2174 Miscellanea
1367 2113 1608 2186 anticaudae),

349 2213 441 2273 ouius
473 2213 545 2272 libri
579 2213 720 2274 sectione
755 2215 813 2273 lv·
840 2215 946 2290 agitur
978 2217 1015 2275 do
1047 2215 1241 2276 corraonmdia
1274 2231 1335 2274 orm
1369 2215 1485 2274 eirtldc.
1521 2213 1609 2272 Haec

349 2315 581 2376 commentatio
614 2317 676 2376 etsi
710 2317 927 2390 singularibus
961 2319 1080 2392 ingenii
1113 2318 1241 2378 dotibus
1272 2318 1364 2395 nitet,
1395 2317 1468 2392 plus
1498 2319 1608 2376 tamen

349 2417 459 2478 nocuit
489 2417 580 2476 bonis
611 2417 727 2478 litteris
753 2435 851 2491 quarn
874 2420 1002 2493 profuit.
1035 2421 1149 2479 Insunt
1171 2435 1249 2480 eane
1274 2420 1515 2480 observationes
1538 2432 1608 2478 acu·

349 2519 506 2594 tissimae,
530 2520 678 2593 egregiae
699 2522 941 2582 emendationes
963 2519 986 2590 ³)
1009 2522 1190 2596 complures
1214 2522 1333 2596 insunt,
1357 2524 1391 2581 at
1414 2520 1478 2580 alia
1507 2520 1607 2579 risum

351 2621 484 2680 movent
514 2619 565 2680 vel
591 2635 748 2680 nauseam
777 2621 955 2697 incutiunt;
988 2621 1134 2696 displicet
1164 2625 1330 2695 praeterea
1353 2621 1516 2693 malignus
1545 2619 1609 2679 eni·

350 2736 435 2796 mus,
472 2735 535 2792 quo
568 2721 693 2782 Bentlel
728 2721 877 2782 laudibus
907 2723 1065 2783 obtrectat
1095 2722 1262 2782 Daweslus
1286 2723 1362 2782 dum
1387 2722 1457 2781 eius
1480 2721 1610 2780 invento

352 2823 469 2897 utitur;
499 2838 601 2896 neque
632 2822 699 2883 fleri
723 2826 849 2897 poterat
870 2825 947 2898 quin
970 2824 1146 2884 deterreret
1168 2825 1315 2884 homines
1338 2825 1444 2898 ipsum
1471 2823 1610 2896 signum,

349 2941 411 2998 quo
433 2925 569 2984 ionicam
598 2941 695 2986 suurn
724 2942 786 2986 vau
810 2943 951 2988 -nam
976 2927 1099 2987 Bentlei
1131 2928 1295 3001 dipamom
1316 2926 1465 2985 aeolicum
1487 2924 1527 2984 ab
1551 2923 1610 2982 Ho-

350 3041 438 3085 mero
473 3026 581 3099 procul
612 3027 794 3087 habendum
829 3043 901 3088 esse
936 3029 1014 3089 dicit
1039 3062 1078 3070 -
1102 3029 1417 3102 repraesentaverat,
1453 3025 1613 3085 scribebat

348 3125 472 3186 scilicet
497 3123 613 3204 ,elixos
636 3128 655 3186 l.
677 3143 704 3187 e.
726 3131 906 3206 awtwotxot”
932 3129 1115 3204 absimilia,
1137 3129 1334 3188 contendeus
1351 3127 1496 3200 epitritum
1515 3127 1612 3184 ionem

350 3226 389 3284 ad
420 3226 450 3285 id
482 3226 588 3300 ipsum
618 3228 788 3287 inventum
819 3243 890 3288 esse
911 3231 948 3288 ut
971 3243 1087 3288 sonum
1112 3243 1142 3287 w
1165 3227 1329 3287 indicaret.
1356 3260 1395 3268 -
1421 3226 1532 3285 'dalem
1556 3224 1611 3283 lin·

349 3339 431 3398 guae
465 3325 604 3386 Graecae
634 3327 857 3406 παλιγγενεσίαν
888 3331 1079 3402 aspernatus
1110 3329 1143 3387 in
1174 3327 1304 3400 antiquo
1328 3327 1397 3387 luto
1423 3325 1554 3385 haerere
1577 3339 1613 3383 se

351 3426 448 3486 malle
483 3441 566 3486 anno
603 3429 688 3488 1750
721 3429 881 3489 scribebat
914 3429 1088 3490 Dorvillius
1113 3425 1145 3503 l),
1176 3443 1235 3488 nec
1258 3427 1390 3488 dubium
1417 3428 1494 3501 quin
1517 3426 1612 3485 multi

350 3530 396 3589 ita
429 3529 657 3607 iudicaverint;
694 3531 726 3591 in
760 3531 873 3592 eadem
910 3534 1019 3592 monte
1056 3531 1156 3592 fuisse
1191 3531 1375 3590 tirnestium
1410 3531 1543 3604 apparet
1572 3544 1612 3588 ex

351 3633 489 3692 editione
524 3631 656 3692 Homeri
692 3631 861 3710 Glarlriani,
895 3649 993 3706 quam
1024 3648 1107 3693 auno
1133 3635 1216 3693 1759
1241 3632 1381 3704 curavit;
1407 3630 1479 3690 ride
1502 3633 1611 3689 autem

351 3747 448 3804 quam
483 3733 689 3805 superciliose
725 3737 756 3794 et
792 3733 990 3795 truculenter
1024 3750 1108 3795 nova
1142 3734 1260 3807 placita
1295 3732 1415 3792 abnuat
1444 3731 1493 3790 vir
1523 3731 1613 3791 mitis

352 3833 492 3906 alioquin
513 3836 546 3894 et
568 3835 787 3904 modestus⁵):
811 3835 999 3910 ,Noluimus
1023 3837 1098 3896 ante
1120 3835 1279 3908 attingere
1301 3833 1550 3907 disputationem
1574 3832 1613 3890 de

355 3935 572 4010 ,digammate
594 3935 734 4012 Aeolico,
758 3951 832 3997 curn
856 3951 903 4012 ea,
928 3951 1009 4009 quae
1032 3938 1071 3997 de
1094 3951 1132 3996 eo
1154 3951 1210 4010 per
1233 3937 1292 3996 bos
1312 3949 1412 3995 annos
1432 3933 1614 3994 dictasunt

355 4052 393 4113 ,a
416 4037 579 4098 Britannis
601 4039 713 4115 doctis,
738 4037 882 4113 pluribus
906 4037 986 4098 locis
1008 4038 1209 4099 occasionem
1230 4037 1353 4111 darent,
1372 4037 1410 4096 ut
1433 4037 1466 4096 in
1488 4033 1614 4114 προιάπ-

352 4201 569 4209 m——a--a-

387 4303 407 4368 ¹)
425 4307 463 4354 dr.
480 4309 568 4366 Heyne
585 4305 657 4352 llud.
676 4305 722 4354 VI!
741 4319 765 4366 p.
786 4307 840 4354 tal.

385 4381 406 4446 ²)
423 4387 493 4444 Popa
511 4385 633 4431 Duuelad.
652 4386 684 4432 iv
704 4387 750 4432 art
769 4401 820 4445 eum

686 4465 815 4524 „tow'ring
833 4466 886 4510 o'er
904 4479 968 4522 your
986 4465 1121 4524 Aiplrabet,
1139 4462 1189 4510 lile
1207 4465 1276 4520 Seurri,

639 4543 747 4600 ,liuudu
764 4559 811 4592 our
829 4543 972 4604 Dignmmu,
990 4545 1039 4591 and
1057 4547 1168 4604 u'ortope
1185 4544 1254 4591 tirum
1271 4543 1330 4590 ull''.

389 4617 410 4684 ¹)
427 4623 473 4670 Ex.
498 4635 536 4682 gr.
562 4625 640 4680 θυμὸν
664 4623 688 4670 d·
714 4626 770 4670 lum
792 4617 913 4677 forano:
929 4623 941 4677 ξ
960 4627 1016 4684 4³8,
1035 4633 1102 4684 αιὴτι
1125 4617 1278 4683 sideritim:
1294 4627 1316 4668 ,l
1334 4623 1391 4684 587,
1407 4635 1524 4682 alueoque
1541 4635 1613 4682 prad·

354 4705 423 4750 terea
440 4701 575 4750 deradice
592 4693 662 4751 frica
679 4703 826 4764 ffispuhrit.

387 4778 409 4845 ⁴)
427 4781 465 4829 Ad
483 4781 610 4830 Obsi-iton.
628 4797 654 4842 p.
673 4783 729 4830 ²02.

392 4857 413 4924 1)
430 4861 459 4907 In
477 4861 563 4908 verbis
580 4873 646 4919 quae
663 4861 794 4909 subiunxit
810 4863 966 4910 arrrrotetionl
984 4862 1078 4908 clarkil
1095 4862 1128 4908 ad
1147 4867 1172 4908 ll
1189 4863 1235 4909 lla
1254 4875 1332 4920 cupra
1345 4874 1360 4907 ι
1374 4859 1447 4907 nobis
1464 4861 1599 4919 excriptae.
