3952 5700
295 779 313 849 5
337 782 390 851 27]
903 779 964 839 107

297 967 435 1028 fecimus
465 965 504 1026 ad
536 965 640 1025 artem
672 963 842 1025 metricam
877 965 1046 1024 cantorum
1078 965 1241 1038 epicorum
1265 966 1387 1026 rectius
1409 966 1569 1028 diudlcan·

297 1067 398 1128 dam?
429 1065 585 1126 Meliusne
617 1080 702 1126 nunc
732 1064 947 1140 perspicimus
978 1079 1043 1138 qua
1071 1065 1195 1126 ratione
1226 1067 1443 1140 producantur
1475 1066 1570 1143 parti·

296 1168 387 1230 cuiae
411 1163 457 1226 ἐνί
479 1167 512 1227 et
535 1165 612 1243 μάλα
636 1166 668 1227 in
692 1166 908 1227 locutionibus
935 1167 1030 1226 modo
1064 1165 1198 1226 allatis?
1225 1167 1366 1228 Minime.
1394 1167 1440 1228 Ut
1469 1168 1569 1227 etlam

298 1269 416 1330 talibus
450 1267 530 1329 locis
563 1267 665 1344 prosit
697 1267 884 1327 Hoffmanni
917 1267 1097 1342 inventum,
1133 1282 1266 1329 necesse
1298 1269 1349 1330 est
1378 1283 1568 1330 sumamus:

296 1373 354 1434 aut
387 1371 481 1446 culpa
513 1370 714 1446 posteritatis
745 1369 887 1432 initiales
922 1368 996 1430 illas
1031 1369 1159 1430 litteras
1190 1387 1207 1431 e
1238 1371 1438 1433 carminibus
1470 1371 1569 1446 epicis

298 1475 478 1551 evanuisse,
514 1476 549 1534 et
581 1473 674 1533 nobis
710 1473 817 1548 igitur,
852 1475 889 1533 ut
925 1472 1022 1533 verba
1063 1473 1253 1547 numerique
1287 1475 1502 1536 restituantur
1537 1473 1570 1534 in

296 1579 468 1653 integrum,
504 1576 745 1637 rescribendum
777 1590 851 1636 esse
885 1571 931 1634 tal
968 1583 1088 1658 σνευμῇ,
1122 1570 1155 1635 δὲ
1190 1579 1363 1653 σμαλακοῖσι
1396 1577 1477 1648 etc.;
1512 1577 1570 1636 aut

299 1681 425 1740 veteres
459 1678 608 1738 cantores
642 1676 789 1737 vocalem
825 1677 967 1752 brevem,
1003 1690 1086 1749 quae
1119 1692 1160 1737 ex
1192 1677 1273 1738 artis
1304 1677 1459 1738 metricae
1482 1692 1569 1751 prae·

296 1781 398 1856 ceptis
429 1780 573 1854 ipsorum
605 1779 713 1838 aetate
740 1777 871 1854 produci
894 1777 965 1838 sine
989 1777 1068 1839 vitio
1091 1793 1155 1838 non
1180 1781 1300 1856 posset,
1325 1793 1571 1852 nonnumquam

295 1885 406 1942 tamen
437 1896 494 1956 pro
524 1881 621 1954 longa
651 1880 722 1940 ideo
755 1879 906 1940 habuisse
937 1880 1021 1952 quod
1047 1879 1239 1941 vocabulum
1266 1882 1468 1954 subsequens
1491 1880 1570 1940 olim

297 2001 317 2043 a
352 1984 455 2044 fronte
490 1995 552 2042 non
596 1996 695 2042 unam
739 1983 971 2042 consonantem
1010 1981 1178 2042 habuisset
1212 1983 1353 2056 positam
1388 1984 1444 2044 sed
1479 1983 1570 2043 duas.

299 2085 460 2146 Posterior
489 2083 596 2158 opinio
626 2082 751 2143 satisne
782 2084 834 2142 est
864 2080 1027 2142 absurda?
1061 2081 1139 2159 Quis
1162 2099 1225 2143 non
1253 2082 1413 2158 intellegit
1436 2099 1510 2146 eam
1534 2098 1572 2144 eo

296 2189 426 2249 tendere
457 2187 495 2246 ut
525 2183 696 2246 credamus
726 2183 863 2245 serviles
893 2184 1076 2246 imitatores
1101 2185 1171 2246 sine
1203 2185 1336 2246 auribus
1359 2187 1460 2248 tuisse
1484 2185 1572 2248 viros

297 2289 411 2363 quibus
440 2287 576 2349 Iliadem
603 2289 637 2347 et
665 2286 846 2361 odysseam
878 2286 1044 2364 debemus,
1069 2302 1133 2348 non
1157 2303 1252 2348 veros
1276 2289 1399 2366 poetas,
1423 2287 1479 2363 qui
1505 2303 1571 2349 ver·

297 2406 354 2452 sus
394 2405 532 2466 pangere
575 2391 609 2450 et
634 2389 748 2464 longas
788 2389 932 2465 syllabas
966 2405 986 2451 a
1019 2389 1170 2451 brevibus
1207 2390 1389 2453 discernere
1426 2391 1572 2452 scirent?

297 2493 386 2555 Prior
419 2508 497 2555 vero
523 2491 582 2553 illa
612 2493 807 2571 coniectura,
840 2492 1018 2554 secundum
1047 2508 1147 2566 quam
1178 2492 1312 2570 σνιφόεις
1335 2491 1471 2570 σλαμάρη
1493 2491 1573 2571 yric-

298 2611 385 2672 σομαι
419 2592 529 2674 σνευρὴ
561 2593 648 2672 opion
671 2593 785 2672 fedaog
816 2595 880 2678 afqi
904 2593 1031 2668 aliaque
1055 2595 1241 2657 huiusmodi
1264 2597 1404 2672 plurima
1429 2629 1469 2638 -
1494 2609 1571 2654 nam

298 2697 370 2770 quis
401 2696 463 2758 erit
495 2694 594 2756 linis?
620 2731 660 2740 -
685 2697 717 2756 in
741 2697 834 2756 textu
858 2695 1030 2757 Homerico
1058 2698 1227 2759 scribenda
1252 2698 1366 2772 forent,
1390 2698 1424 2757 et
1446 2695 1572 2757 ratione

299 2800 386 2856 caret
405 2797 520 2858 idonea
539 2797 572 2856 et
591 2797 830 2871 defensoribus;
851 2811 955 2869 neque
976 2797 1045 2871 ipse
1064 2799 1207 2871 proiecto
1227 2798 1444 2858 Hoffmannus
1462 2795 1570 2855 istius·

299 2898 384 2958 modi
403 2897 582 2959 temeritati
603 2897 747 2974 indulsit,
763 2897 841 2960 dicit
860 2897 948 2958 enim
971 2899 1167 2976 ,imaginem
1184 2900 1313 2959 tantum
1331 2897 1401 2958 sive
1419 2897 1571 2959 umbram

298 2999 424 3062 litterae
448 2999 647 3074 superfuisse
667 3001 811 3074 tempore
831 2999 1023 3062 Homericn‘’
1047 3005 1088 3074 (p.
1113 3001 1196 3071 157).
1218 3001 1262 3061 ht
1282 3001 1446 3075 eleganter
1465 2999 1572 3074 magis

299 3119 395 3176 quam
426 3102 593 3178 perspicue
623 3101 682 3162 hoc
706 3101 829 3162 dictum
853 3104 913 3180 est,
935 3105 969 3163 et
992 3101 1169 3177 imaginem
1193 3103 1302 3177 potius
1325 3104 1395 3164 sive
1419 3104 1569 3164 umbram

298 3206 453 3281 opinionis
478 3206 560 3266 hauc
583 3220 655 3266 esse
679 3204 801 3266 dixeris
823 3220 920 3280 quam
944 3204 1066 3266 claram
1091 3205 1339 3280 evidentemque
1360 3205 1569 3266 sententiam.

299 3307 396 3368 Extat
428 3307 628 3368 elementum
659 3309 717 3368 aut
748 3322 811 3367 non
842 3309 943 3385 extat,
977 3308 1107 3369 auditur
1130 3324 1230 3370 sonus
1255 3312 1312 3370 aut
1335 3325 1399 3370 non
1422 3308 1569 3369 auditur:

299 3411 431 3470 tertium
454 3425 517 3470 non
542 3409 646 3470 datur.
675 3410 742 3470 Aut
764 3410 863 3485 igitur
882 3411 1014 3471 auribus
1036 3411 1294 3487 percipiebantur
1316 3425 1475 3473 consonae
1495 3409 1570 3470 illae

299 3510 438 3572 initiales
456 3511 489 3571 in
508 3526 658 3572 sermone
677 3511 863 3584 quotidiano
882 3512 955 3572 aevi
974 3511 1149 3590 Homerici,
1170 3515 1257 3574 certe
1277 3514 1311 3574 ln
1329 3513 1468 3574 dictione
1482 3512 1572 3588 epica

299 3613 563 3690 percipiebantur,
581 3614 639 3674 aut
658 3614 734 3674 ante
754 3612 833 3673 illud
854 3614 1203 3691 tempusinterierant;
1218 3616 1417 3690 utexemplo
1429 3615 1571 3690 utamur,

298 3715 461 3776 Homerus
490 3717 548 3776 aut
570 3714 703 3793 σνιφόεις
726 3715 853 3777 dicebat
875 3717 961 3778 domi
986 3734 1060 3779 cum
1091 3719 1161 3780 suis
1185 3719 1405 3796 confabulans,
1429 3718 1515 3778 certe
1538 3717 1572 3777 in

298 3819 495 3880 carminibus
528 3819 598 3880 suis
628 3819 764 3895 dicebat,
795 3821 853 3880 aut
883 3818 1006 3897 νιφόεις.
1042 3820 1125 3882 Illud
1148 3819 1176 3881 si
1200 3803 1374 3898 sumimus
1397 3819 1573 3882 emibcmoa

298 3920 395 3993 igitur
424 3919 503 3980 illud
526 3921 633 3995 sigma
660 3923 688 3978 Y
707 3922 772 3982 385
798 3921 908 4007 Τμώλῳ
931 3921 991 3982 bno
1015 3920 1167 3999 σνιφόεντι
1193 3924 1228 3984 ct
1255 3923 1342 3999 alibi,
1366 3921 1571 3996 quemadmo·

298 4021 376 4082 dum
409 4020 490 4100 dide
523 4022 697 4084 scribimus
732 4025 766 4084 et
796 4020 886 4095 ortos
918 4025 952 4084 et
983 4021 1112 4102 discede,
1135 4025 1290 4099 quoniam
1313 4025 1401 4098 ipsos
1423 4024 1572 4084 cantores

298 4123 345 4184 ita
366 4123 491 4185 locutos
514 4139 586 4186 esse
610 4139 804 4199 persuasum
828 4123 997 4202 habemus,
1021 4127 1097 4187 licet
1119 4127 1233 4187 textus
1264 4126 1403 4187 traditus
1426 4124 1571 4185 litteram

297 4226 322 4284 f
350 4241 412 4286 non
443 4226 603 4287 exhibeat.
637 4226 692 4287 Sin
724 4226 898 4289 Homerica
920 4229 1070 4291 adiectivi
1094 4229 1201 4290 forma
1224 4229 1352 4290 videtur
1376 4224 1501 4304 νιφόεις,
1530 4227 1570 4287 ad

299 4327 443 4388 carmina
483 4330 652 4403 pangenda
694 4330 799 4404 poetis
841 4331 940 4407 epicis
974 4331 1053 4392 nihil
1088 4330 1239 4406 proderat
1273 4331 1435 4405 antiquior
1467 4330 1573 4390 torma

298 4428 441 4506 σνιφόεις,
462 4445 526 4503 qua
548 4445 612 4491 non
637 4431 703 4490 iam
728 4432 896 4492 uterentur
925 4432 1082 4493 homines.

343 4531 379 4590 ld
402 4547 504 4592 unum
527 4533 658 4593 concedi
681 4535 791 4607 potest
813 4534 979 4609 debetque,
1004 4535 1039 4592 ia
1061 4533 1171 4593 medir‘a
1193 4533 1348 4592 vocabulis
1368 4534 1408 4593 ad
1431 4533 1573 4592 rationes

299 4630 532 4705 etymologicas
565 4633 752 4693 referendas
787 4647 860 4693 esse
895 4633 1022 4694 litteras
1057 4633 1238 4708 duplicatas
1268 4635 1301 4691 it
1331 4654 1374 4709 μμ
1405 4655 1442 4689 vv
1469 4653 1504 4708 μμ
1528 4645 1572 4692 co.

299 4729 450 4791 Fortasse
473 4731 573 4792 etiam
597 4733 726 4794 vocales
744 4735 777 4793 in
798 4733 862 4794 tine
880 4734 1152 4808 praepositionum
1173 4733 1348 4807 productae
1368 4734 1415 4793 ita
1435 4732 1573 4807 possunt

299 4833 462 4908 explicari,
497 4832 526 4893 si
560 4835 708 4895 dicamus
741 4835 1011 4911 praepositionem
1042 4849 1116 4895 cum
1152 4849 1211 4894 suo
1244 4835 1375 4895 nomine
1406 4834 1439 4893 iu
1471 4846 1572 4892 unam

298 4949 411 4995 vocem
443 4933 612 5012 coaluisse,
643 4951 673 4996 v.
695 4953 722 4997 c.
749 4933 824 4995 κατὰ
849 4935 986 5016 λαπάρην
1012 4951 1127 4998 revera
1156 4935 1384 5016 meilandpnv
1412 4934 1571 5012 sonuisse,
