3908 5724
1024 671 1088 730 324
1569 673 1599 742 [5
1623 673 1681 730 127

454 855 626 915 indicandi
660 855 796 929 deniqne
824 857 950 916 restant
979 855 1040 916 ioci
1070 871 1154 916 unus
1177 858 1211 917 et
1237 856 1329 934 aiter,
1354 857 1408 918 ubi
1430 857 1563 917 termini
1585 877 1681 934 -μενιιι

419 969 518 1016 sonus
540 953 646 1016 finalis
668 955 813 1017 abiectus
835 957 887 1016 est
909 956 979 1016 sine
1003 955 1068 1015 uiia
1091 956 1286 1018 necessitate
1310 958 1456 1018 metrica.
1484 957 1602 1032 Quales
1623 955 1681 1016 ioci

417 1059 492 1134 post
520 1060 630 1120 omnia
660 1073 743 1134 quae
777 1059 1017 1135 disputavimus
1051 1074 1115 1121 non
1148 1063 1286 1136 possunt
1322 1076 1385 1122 non
1424 1075 1497 1122 esse
1531 1059 1680 1134 suspecti,

420 1161 566 1222 videatur
588 1164 697 1222 autem
722 1161 870 1224 lectionis
892 1163 1035 1224 varietas
1058 1163 1088 1220 Σ
1111 1163 1162 1224 14.
1188 1161 1326 1224 cunctos
1350 1163 1513 1224 indicabo:

464 1263 569 1324 iras.

550 1362 616 1440 ἴμεν
637 1379 693 1440 pro
716 1363 952 1442 ipevealegitur
975 1369 1004 1424 A
1029 1367 1092 1426 170
1115 1368 1155 1437 (Σ
1180 1367 1219 1426 14
1243 1367 1310 1437 Ar.)
1336 1365 1679 1427 aestumasset

594 1468 665 1534 (εέ
689 1466 741 1542 50,
773 1467 827 1537 89)
857 1470 873 1526 λ
899 1467 961 1528 148
992 1487 1009 1526 c
1042 1467 1083 1528 79
1116 1466 1337 1545 (δειπνήσαντες
1372 1467 1448 1546 ἴμεν,
1481 1466 1541 1540 leg.
1576 1459 1678 1523 ’σαντ’

594 1564 712 1642 ἴμεναι).
727 1600 766 1612 -
784 1568 854 1628 Non
878 1569 940 1628 huc
962 1567 1065 1628 refero
1089 1583 1219 1629 versum
1245 1571 1270 1626 P
1295 1570 1367 1646 155,
1402 1568 1457 1629 ubi
1479 1566 1545 1644 έμεν
1568 1565 1679 1628 indica·

595 1667 655 1728 tivi
678 1669 729 1728 est
755 1670 789 1728 1⁸
809 1683 945 1744 persona
966 1668 1059 1743 plur..
1083 1668 1116 1728 ni
1139 1669 1233 1730 ialior
1256 1670 1306 1740 (ci.
1331 1685 1402 1744 pag.
1428 1669 1548 1744 didi).

549 1763 774 1847 δμεν--ἶμεναι
797 1770 825 1827 Δ
847 1769 911 1829 299
936 1770 964 1827 Ε
986 1770 1051 1830 816
1074 1789 1088 1828 ε
1111 1771 1174 1831 257
1199 1773 1215 1828 t
1240 1771 1316 1831 364.

465 1869 538 1928 Aur.
563 1867 607 1929 II.

550 1965 643 2044 θέμεν
664 1991 697 2014 =
719 1965 844 2046 θέμεναι
877 1991 901 2046 φ
932 1973 1019 2042 3(ἓ
1042 1972 1082 2031 81
1107 1993 1130 2030 τι
1165 1973 1248 2048 168),
1273 1973 1329 2034 sed
1352 1973 1485 2033 dubium
1510 1986 1573 2032 non
1597 1971 1677 2030 vide

593 2072 648 2129 tur
663 2069 740 2143 quin
759 2083 815 2144 pro
832 2069 1026 2147 μνηστήρεσσι
1047 2067 1140 2148 θέμεν
1161 2073 1400 2133 rescribendum
1420 2073 1464 2133 sit
1485 2072 1679 2148 ’μνηστῆρσιν

593 2169 728 2252 θέμεναι,
749 2187 823 2233 cum
847 2173 1037 2247 praesertim
1060 2169 1185 2250 θέμενοι
1208 2173 1240 2233 in
1261 2172 1551 2248 praestantissimis
1570 2169 1679 2232 codici·

593 2274 654 2335 bus
673 2273 807 2350 legatur.
831 2272 926 2334 Redit
943 2270 1036 2352 θέμεν
1059 2273 1135 2336 Hes.
1159 2275 1251 2350 Oper.
1274 2277 1329 2352 67,
1353 2271 1386 2334 έν
1409 2269 1554 2354 δέζθέμεν
1576 2270 1683 2333 κύνεόν

595 2397 625 2436 τε
655 2374 729 2436 νόον
758 2372 809 2436 eui
839 2372 1005 2457 ἐπίκλοπον,
1027 2366 1116 2456 ἦθος,
1145 2377 1198 2438 ubi
1222 2377 1360 2439 fortasse
1389 2376 1450 2438 init
1472 2377 1550 2438 olim
1575 2371 1622 2434 ’έν
1651 2369 1683 2434 σέ

593 2475 667 2538 νόον
689 2476 798 2538 κύνεον
819 2473 954 2555 θέμενοι,
977 2493 1108 2540 versum
1132 2483 1243 2540 autem
1266 2495 1330 2541 non
1354 2479 1524 2554 antiquum
1543 2480 1681 2539 autnon

593 2579 756 2652 integrum
779 2595 851 2640 esee
874 2580 981 2656 arguit
1004 2580 1169 2656 digamma
1193 2581 1282 2642 vocis
1304 2571 1381 2660 ἦθος
1405 2580 1598 2656 neglectum.

550 2679 641 2760 δόμεν
664 2705 697 2730 ==
720 2679 842 2760 δόμτνατ
866 2685 894 2741 Δ
916 2683 980 2744 879
1004 2683 1056 2742 καί
1076 2681 1114 2764 δα
1133 2682 1211 2764 μάλα
1229 2683 1363 2745 λίσσοντο
1383 2683 1484 2763 δόμεν,
1502 2682 1556 2743 ilbi
1575 2682 1681 2744 deleta

594 2784 708 2846 vocula
742 2782 789 2865 pu,
819 2799 901 2859 quae
924 2801 942 2846 e
966 2801 1061 2847 versu
1084 2787 1286 2861 praecedenti
1313 2787 1495 2863 irrepserat,
1520 2784 1679 2860 rescripsi·

593 2903 668 2949 mus
703 2883 767 2946 'acl
797 2881 1040 2965 μά1α’λίσσσντο
1072 2885 1205 2967 δόμεναι,
1233 2892 1267 2951 et
1290 2892 1308 2948 i
1329 2891 1392 2951 571
1423 2886 1513 2967 δόμεν
1536 2886 1682 2963 θάνατον,

596 2990 651 3050 nbi
674 3002 788 3050 rerum
811 2989 938 3051 videtur
964 2989 1072 3070 ’μόρον
1094 2988 1225 3068 θέμεναι.

461 3087 585 3164 Persect.

551 3186 659 3264 έέδμιν
693 3205 750 3264 prc
782 3189 923 3267 έέδμενοιι
952 3194 984 3248 Λ
1011 3191 1074 3252 719
1105 3185 1131 3268 μ’
1157 3188 1216 3269 ἔφη
1245 3190 1340 3268 έδμεν,
1370 3193 1423 3252 nbi
1454 3192 1599 3253 cuiusvis
1631 3193 1682 3252 est

597 3289 768 3349 restituere
800 3289 849 3367 'pe
878 3283 993 3367 έέσμεέ
1018 3287 1087 3368 ἔφη,
1108 3291 1142 3350 et
1164 3294 1189 3349 θ
1216 3293 1290 3366 213,
1321 3291 1376 3350 ubi
1409 3290 1545 3368 ’έιθέμεν
1570 3305 1680 3352 rerum

599 3404 671 3452 esse
694 3391 907 3464 suspicamur.

465 3493 502 3552 In
533 3491 668 3552 choricis
690 3492 825 3552 canticis
843 3492 995 3566 Aeschyli
1018 3491 1195 3553 infinitivos
1220 3493 1254 3552 in
1277 3500 1329 3570 -ῆν
1352 3508 1409 3568 pro
1434 3499 1519 3571 -ἣναι
1543 3493 1683 3553 desinen-

421 3595 472 3652 tes
499 3590 680 3652 Dindorflus
708 3592 759 3652 hic
789 3591 855 3652 illic
879 3593 1112 3667 deprehendere
1136 3593 1198 3652 sibi
1221 3595 1312 3653 risus
1340 3597 1401 3670 est,
1426 3610 1453 3654 e.
1476 3608 1507 3666 g.
1529 3597 1684 3671 χμιμφθῆν

422 3691 530 3765 Suppi.
549 3692 623 3767 790,
643 3693 723 3752 item
743 3688 860 3752 ἀναδσν
880 3693 1017 3768 Ohoeph.
1039 3693 1114 3754 808.
1135 3693 1228 3752 Lesbi
1247 3696 1358 3755 autem
1381 3709 1495 3755 revera
1514 3694 1682 3766 aliquando

423 3793 574 3851 vixerunt
605 3791 756 3852 infinitivi
790 3793 836 3852 ita
869 3793 1044 3867 decurtati;
1080 3793 1119 3853 cf.
1157 3791 1285 3853 Curtius
1316 3793 1457 3855 Verbum
1488 3793 1532 3852 11¹
1562 3808 1592 3868 p.
1620 3794 1679 3852 121

422 3895 455 3952 et
479 3892 553 3953 358.

719 4097 760 4160 11.
796 4096 841 4158 Dc
857 4097 1023 4174 participio
1044 4101 1069 4158 ci
1093 4097 1236 4158 udicciivo
1260 4096 1383 4160 cubuit.

465 4295 487 4382 fi
510 4298 578 4366 ier.
615 4301 787 4377 Perticipic
810 4301 920 4362 coristi
941 4317 1023 4363 aero
1046 4305 1214 4363 cantorum
1235 4303 1396 4378 epicorum
1417 4303 1558 4364 nonduin
1579 4303 1682 4364 inhae-

421 4404 512 4465 rebat
533 4403 621 4463 notio
644 4403 800 4477 temporis
822 4403 943 4477 peracti
950 4421 958 4477 ;
980 4403 1135 4463 inservire
1154 4403 1252 4476 igitur
1277 4406 1403 4478 poterat
1422 4404 1462 4465 ad
1486 4403 1684 4465 enuncianda

421 4519 564 4579 eaquae
587 4519 650 4565 non
674 4506 749 4564 ante
773 4505 933 4564 actionem
956 4505 1145 4579 primariam
1168 4504 1254 4565 iacta
1277 4506 1388 4565 essent
1410 4505 1467 4565 sed
1490 4519 1564 4565 eam
1587 4505 1680 4566 corni·

420 4609 576 4669 tarentur.
600 4605 635 4666 E.
659 4621 708 4679 gc

553 4705 718 4786 μειδήσασα
741 4702 774 4767 δέ
796 4705 903 4780 τταιδδς
927 4703 1043 4780 ἐδέξατο
1065 4703 1139 4788 χειρὶ
1160 4707 1317 4783 κύπελλον,
1555 4711 1585 4768 A
1608 4709 1681 4769 ubit.

421 4823 503 4882 quae
535 4809 690 4870 vertenda
720 4822 783 4869 non
811 4809 888 4868 sunt
918 4811 1084 4882 postquam
1119 4807 1244 4868 αιθνέαίσ
1274 4809 1331 4869 sed
1361 4809 1468 4870 ndens
1492 4810 1640 4884 poncium
1662 4825 1684 4868 c
