4056 5760
987 598 1051 657 aas
1535 605 1566 682 [e
1588 609 1655 666 275

432 788 532 848 linito
565 787 667 846 rarior
700 786 752 846 est
781 785 886 845 iorma
916 785 1078 846 intensiva
1108 783 1138 860 (ξ
1171 789 1254 864 144),
1286 789 1378 848 cuius
1399 791 1505 864 prima
1526 790 1652 864 syllaba

388 888 515 947 insolite
538 888 590 946 est
607 886 761 960 producta
782 883 816 960 ¹),
836 877 990 960 πωλέέμιι,
1012 899 1090 944 mas.
1111 884 1232 954 πόλεσι)
1256 886 1273 946 d
1297 890 1371 963 811,
1391 885 1531 948 πωλέειαι
1550 893 1649 950 7196

388 987 406 1046 ό
438 988 502 1046 884
532 986 563 1046 h.
596 987 655 1060 Ap.
683 985 745 1044 170
767 984 846 1044 Veli.
870 985 923 1061 80,
946 984 1171 1062 πωλεόμενοιβ
1203 989 1244 1046 ab
1268 984 1313 1064 (=
1336 1010 1353 1067 ρ
1377 989 1464 1065 534),
1484 983 1648 1066 ’πωλεόμην

386 1110 403 1166 χ
423 1089 498 1164 352,
521 1084 675 1146 -επιολέειο
695 1089 723 1144 A
734 1087 808 1162 231,
822 1086 886 1145 250
898 1089 929 1144 A
942 1087 1015 1162 ael,
1030 1089 1093 1146 540
1116 1108 1127 1145 ι
1146 1088 1218 1163 189,
1238 1088 1344 1149 iterat.
1361 1083 1534 1149 ’πωλέσκετο
1547 1095 1575 1148 Α
1586 1091 1648 1152 490

390 1191 417 1246 Ε
442 1189 505 1249 788
528 1191 544 1247 λ
568 1187 643 1263 240,
667 1186 725 1246 lut.
748 1184 922 1263 πωλήσομαι
944 1187 975 1247 h.
998 1189 1057 1262 Ap.
1083 1189 1158 1266 329,
1182 1187 1331 1265 πωλήσεαι
1360 1191 1386 1247 E
1409 1192 1484 1252 850.

432 1290 541 1351 'l'ertia
571 1288 751 1364 praesentis
777 1287 880 1348 torma
905 1287 1041 1348 πολεύειν
1060 1289 1214 1362 legituro
1237 1290 1301 1349 254
1324 1311 1339 1348 ι
1365 1291 1426 1351 127
1450 1315 1470 1350 ο
1493 1292 1533 1351 78
1551 1315 1567 1369 i
1586 1293 1645 1351 223

388 1413 411 1450 ο
436 1392 500 1450 244
509 1409 517 1463 ;
538 1388 600 1450 vid.
621 1389 726 1460 5144.

431 1491 583 1552 Derivata
617 1492 695 1551 eunt
727 1485 894 1565 ἀμφίπολος
926 1489 1052 1564 aliaque
1083 1492 1263 1566 composita
1288 1492 1322 1552 in
1345 1497 1458 1566 πολσς.
1482 1495 1647 1555 Praeterea

387 1597 557 1656 cohaerere
581 1593 729 1653 videntur
750 1586 846 1670 πέλωρ
869 1587 900 1666 (5
925 1591 1000 1668 70⁸),
1027 1591 1178 1670 πελώριος.

432 1697 493 1756 llic
526 1695 592 1756 illic
625 1695 738 1754 textus
767 1692 905 1754 traditus
934 1695 1066 1768 praebet
1094 1695 1192 1756 activi
1222 1695 1344 1757 formas
1374 1695 1450 1757 πέλει
1476 1701 1510 1759 et
1532 1695 1645 1774 πέλιμ),

387 1813 468 1871 quaa
503 1800 614 1858 tamen
643 1796 722 1857 locis
754 1798 882 1856 tautum
913 1811 974 1857 non
1005 1798 1155 1857 omuibus
1186 1798 1219 1858 in
1246 1793 1334 1857 πέλετ’
1362 1800 1481 1860 mutari
1505 1803 1645 1875 possunt,

388 1914 446 1960 uec
479 1899 589 1959 dubito
622 1899 698 1972 quin
728 1899 865 1958 debeant
886 1894 920 1974 ’λ
952 1898 1002 1958 Ad
1033 1914 1130 1971 quam
1155 1899 1337 1974 opinionem
1361 1903 1646 1962 commendandam

387 1999 528 2059 multum
563 1999 651 2060 valet
688 2000 716 2056 E
752 1999 825 2073 729,
849 1998 902 2058 ubl
924 1995 1010 2058 πέλεν
1041 2000 1168 2074 legitur,
1199 2000 1256 2060 sed
1284 2000 1322 2062 da
1346 2000 1424 2062 deae
1447 2018 1541 2062 curru
1560 2017 1646 2075 proc

387 2115 456 2161 aens
479 2100 596 2173 requiri
620 2099 701 2161 vidit
722 2098 874 2174 Bentley;
899 2115 957 2160 uec
980 2115 1043 2160 non
1077 2102 1103 2158 T
1124 2103 1187 2160 365
1220 2102 1251 2161 in
1275 2101 1394 2162 tradita
1417 2103 1554 2162 lectione
1574 2099 1649 2176 πέλε,

387 2197 427 2260 τὼ
446 2198 479 2261 δέ
498 2199 530 2260 σι’
554 2196 621 2259 ὄσσε
647 2198 741 2260 facile
770 2199 954 2273 agnoscitur
977 2215 1091 2260 verum
1116 2193 1217 2259 ’πέλετ’
1243 2197 1296 2278 ipit
1318 2201 1371 2260 for
1393 2198 1460 2260 ὄσσε
1484 2199 1517 2271 ³).
1544 2201 1648 2262 Videa-

388 2305 441 2363 tur
462 2303 628 2378 praeterea
657 2297 768 2365 ,2345
795 2297 909 2360 πέλειαι
937 2299 1024 2376 φάος,
1053 2301 1107 2361 ubi
1130 2303 1233 2362 metro
1263 2302 1364 2362 invito
1389 2301 1468 2362 πέλει
1491 2304 1646 2378 scriptum

388 2407 439 2466 est
458 2407 490 2466 in
510 2403 672 2466 nonnullis
695 2403 865 2480 codicibus,
889 2404 923 2463 et
946 2399 1068 2480 2326,
1093 2403 1146 2463 ubi
1169 2404 1294 2464 codices
1317 2405 1435 2465 liabent

652 2500 719 2563 οόιε
741 2501 836 2582 πυρὸς
858 2503 961 2575 τόσσος
982 2525 1015 2582 με
1038 2501 1105 2562 ποιλ
1129 2501 1228 2582 (ποθι)
1251 2503 1372 2583 βρόμος,

387 2607 421 2666 ln
443 2606 550 2679 atym.
575 2604 688 2676 Magno
712 2618 788 2664 vero
811 2619 926 2664 versus
948 2603 996 2664 sic
1019 2604 1152 2664 affertur
1174 2619 1204 2678 p.
1227 2605 1302 2681 214,
1326 2607 1386 2665 86:

460 2783 463 2790 Ι
653 2699 720 2763 οὔτε
742 2701 836 2781 πυρός
857 2702 959 2775 τόσσος
981 2724 1014 2782 με
1036 2699 1116 2762 πόλει
1142 2702 1263 2782 βρόμος,

387 2823 407 2870 a
430 2807 605 2870 scholiasta
627 2808 738 2866 autem
762 2805 922 2881 Apollonii
944 2805 1004 2867 Ru.
1028 2807 1075 2867 ΙΙΙ
1100 2807 1181 2866 861;

652 2905 755 2980 τόσσος
778 2905 834 2987 γὰρ
857 2904 972 2967 πέλειαι
994 2906 1117 2988 βρόμος,

387 3026 469 3086 quae
500 3011 605 3084 lectio,
634 3010 663 3069 si
694 3010 839 3072 doleatur
867 3009 1025 3084 particula
1053 3008 1109 3090 γάρ
1133 3023 1215 3081 quae
1239 3011 1343 3070 aratro
1366 3012 1400 3070 et
1423 3011 1585 3070 sententia
1607 3013 1649 3070 in·

387 3114 464 3174 vitis
486 3117 538 3174 est
559 3110 677 3188 addita,
702 3126 816 3172 verum
838 3111 988 3185 praebat:

650 3209 717 3272 οόιε
738 3210 834 3292 πυρός
851 3211 955 3284 τόσσος
977 3207 1092 3271 πέλειαι
1115 3209 1235 3292 βρόμος.

429 3316 571 3390 Denique
595 3330 725 3376 versum
749 3317 767 3374 l
790 3316 852 3374 134

583 3411 602 3494 ἢ
626 3413 712 3494 θέμις
736 3413 907 3494 ἀνθρώπων
929 3412 1018 3492 πόλει,
1041 3410 1160 3495 όινόρῶν
1184 3411 1237 3492 ἠδὲ
1259 3423 1421 3495 γυναικῶν,

384 3520 438 3593 qui
469 3535 553 3579 unus
583 3519 616 3578 ln
647 3517 827 3580 Homericis
850 3519 1106 3593 interpunctione
1129 3518 1161 3576 in
1185 3518 1265 3576 duas
1290 3521 1398 3591 partes
1422 3518 1575 3590 aequales
1598 3521 1649 3578 est

384 3623 552 3696 diremtus,
576 3621 740 3694 aliquanto
764 3618 919 3680 leniorem
943 3619 1047 3678 reddit
1069 3616 1150 3678 elisa
1173 3617 1277 3677 iorma
1299 3615 1414 3677 πέλειαι
1436 3619 1487 3688 (ci.
1514 3623 1545 3675 A
1567 3620 1648 3686 154).

430 3720 611 3781 Molestlanr
640 3719 783 3792 aliquam
814 3719 944 3793 pariunt
968 3719 995 3774 E
1018 3719 1080 3777 511
1107 3719 1125 3776 l
1146 3717 1209 3776 592
1236 3717 1326 3776 038
1350 3720 1425 3787 i=r
1451 3719 1524 3787 186)
1546 3739 1564 3795 ρ
1586 3720 1649 3778 405

421 4031 439 4100 Ι)
457 4038 531 4085 liebri
554 4051 639 4100 cansa,
663 4039 688 4084 ni
713 4037 795 4100 fallor,
817 4037 943 4099 prodacta
965 4039 1006 4082 esi
1027 4035 1125 4096 syllaba
1143 4035 1248 4084 initialia
1268 4037 1406 4083 farinarum
1425 4037 1521 4084 πωλέειιι
1539 4038 1649 4083 πωλέειιιι

384 4119 512 4180 ’πωλιόμιρε
537 4119 654 4174 'notiora
679 4122 709 4166 ut
733 4120 759 4165 in
781 4123 937 4184 ιλιλιολεορπος
959 4123 987 4164 ολ
1008 4117 1145 4174 similibus,
1163 4117 1195 4164 tle
1216 4117 1310 4176 quibua
1327 4117 1443 4163 videniur
1468 4117 1541 4176 521.
1560 4117 1650 4175 ltaque

383 4200 474 4247 πολέιοι
497 4201 545 4246 etc.
564 4200 660 4246 rectius
678 4199 786 4246 fortasse
802 4199 948 4259 scripserim
969 4198 1046 4244 nolim
1066 4200 1151 4244 tamea
1169 4197 1306 4255 quicquam
1334 4200 1442 4254 rutilare,
1459 4197 1580 4255 quorriam
1600 4197 1649 4242 ior·

383 4291 440 4325 mae
463 4279 603 4325 ’πωλέσκετο
627 4282 767 4336 πωλεύμενοι
790 4282 925 4338 πωλήσομαι
948 4293 1009 4322 -σιοι
1033 4276 1103 4322 irasci
1122 4289 1172 4322 uon
1191 4279 1331 4334 potnerunt
1348 4275 1496 4334 priusquam
1516 4274 1649 4334 productio

383 4356 435 4417 illa,
452 4369 529 4415 qnam
546 4355 665 4416 primitus
682 4358 785 4416 peperit
800 4358 867 4406 lotas
884 4357 1013 4416 metricus,
1032 4357 1056 4402 in
1075 4357 1157 4416 ipsam
1176 4355 1289 4412 linguam
1308 4357 1348 4402 esi
1366 4357 1477 4414 rocopin.

417 4431 438 4497 λ)
456 4435 537 4491 Quam
554 4434 636 4480 mulie
654 4434 679 4480 in
697 4433 808 4482 dictione
825 4437 899 4496 aprica
917 4436 1049 4496 vocabula,
1067 4447 1132 4494 qnae
1150 4433 1269 4480 elidenda
1290 4437 1383 4489 οιιιοιιλ,
1401 4434 1463 4479 uitia
1480 4433 1652 4480 contraxerint

384 4526 461 4572 saepe
486 4513 537 4560 iam
563 4513 681 4561 vidimus.
705 4513 832 4562 simillimi
855 4517 941 4562 autem
965 4519 1025 4561 narrt
1047 4527 1148 4561 errores
1169 4517 1220 4576 ρύιι
1240 4525 1286 4573 pro
1308 4513 1372 4575 φύετ’
1393 4513 1649 4578 2112,ριρέμιιμεο

383 4593 474 4658 βρόμιτ“
494 4595 515 4640 A
532 4594 590 4656 iili,
608 4595 692 4656 Ιιμθιιι
709 4608 756 4656 pro
774 4597 859 4658 λιμέλιιο
877 4601 898 4642 Σ
912 4596 969 4642 446.

416 4668 438 4735 ¹)
454 4672 566 4721 Litteras
583 4673 661 4732 igitur
679 4673 894 4736 alintummas·
910 4675 977 4723 male
995 4675 1155 4734 interpretati
1170 4676 1230 4720 aurit
1247 4674 1464 4733 transscriptaroe,
1479 4685 1537 4719 cam
1556 4677 1648 4720 λέοωιιι

384 4751 564 4799 irrteroldlsnet
