4272 5792
1039 628 1119 672 XXVI

449 796 577 858 Primus
611 801 705 872 poete
738 799 827 861 iosea
860 801 988 861 tantum
1024 801 1063 860 ab
1098 800 1246 862 hostibus
1280 801 1406 860 tutatus
1437 802 1489 861 est
1518 801 1712 875 Argivorum

419 899 564 960 ‘castra
607 899 733 962 Suillclt
773 901 893 962 allatus
935 900 1024 960 iocus
1061 903 1092 958 ii
1120 902 1184 961 366
1218 914 1287 974 sqq.
1323 901 1361 960 de
1395 902 1481 960 retro
1515 901 1713 976 iirgientibus

447 999 610 1062 Troianis:

1088 1099 1219 1181 Ἕκτορα
1243 1097 1270 1160 δ’
1296 1101 1381 1162 ἵπποι

669 1203 794 1286 ἔκφερον
818 1203 970 1277 ὠκύποδες
994 1203 1050 1264 σὺν
1074 1205 1193 1284 τεύχεσι,
1212 1199 1302 1264 ’λεῖπε
1326 1201 1357 1264 ti
1380 1203 1452 1264 labo

672 1305 815 1385 Τρωικὸν,
836 1305 889 1380 οὓς
913 1304 1075 1380 Miconos
1098 1302 1207 1385 ὀρυκτή
1230 1307 1341 1385 τάφρος
1364 1304 1456 1385 ἔρυκε.

667 1410 784 1466 πολλῶν
808 1403 836 1466 δ’
863 1404 895 1467 ἐν
918 1407 1021 1491 τάφρῳ
1043 1406 1263 1484 &postpone
1286 1402 1372 1478 ὠκέες
1394 1406 1480 1465 ἵπποι

665 1501 784 1578 ἥξοντ’
811 1502 843 1565 ἒν
866 1505 970 1590 πρώτῳ
993 1505 1077 1588 ῥυμῷ
1097 1499 1195 1566 ’λίπον
1215 1505 1293 1585 ἅρμα
1316 1505 1483 1566 sanderus.
1506 1513 1525 1573 ¹)

447 1604 591 1682 Possem,
623 1620 686 1668 non
717 1607 805 1668 celsa
836 1608 972 1683 moenia,
1017 1607 1166 1670 Hectoris
1199 1609 1291 1682 bigae
1324 1608 1411 1668 saltu
1446 1609 1567 1681 ingenti
1605 1624 1710 1682 super·

447 1709 551 1769 amnt.
572 1703 594 1778 ²)

488 1809 554 1872 Nec
586 1826 648 1872 non
683 1811 898 1874 demonstrari
932 1814 1038 1889 potest
1071 1814 1211 1875 alienam
1246 1829 1266 1874 a
1298 1813 1391 1888 primi
1430 1814 1543 1888 poetas
1578 1813 1711 1874 consilio

445 1911 546 1974 iuisse
568 1927 733 1976 armorum
757 1915 1038 1992 permutationem,
1072 1931 1154 1990 quae
1178 1931 1263 1976 nunc
1286 1915 1318 1976 in
1341 1916 1412 1977 libri
1439 1918 1471 1974 ii
1492 1916 1584 1978 initio
1607 1931 1712 1977 nerra·

446 2016 515 2088 tur;
550 2016 769 2076 necessariam
802 2019 913 2077 autem
950 2017 1001 2078 vel
1036 2017 1136 2078 stiam
1168 2017 1280 2076 utilem
1313 2015 1414 2076 tuisse
1448 2018 1602 2077 carminis
1622 2031 1711 2090 argu·

448 2113 557 2172 mento
588 2129 683 2174 nemo
714 2116 894 2176 contendet.
926 2115 1022 2174 Δύσεο
1053 2114 1154 2192 τεύχεα
1183 2120 1310 2186 θᾶσσον,
1338 2115 1444 2176 amico
1467 2115 1545 2175 dicit
1570 2116 1713 2177 Achilles
1790 2159 1793 2166 ‚

449 2227 495 2272 vs.
522 2213 595 2288 129,
628 2228 710 2286 quae
741 2214 838 2275 verba
871 2229 926 2290 per
955 2230 992 2275 se
1014 2216 1160 2288 spectata
1182 2215 1262 2274 nibil
1286 2217 1422 2289 possunt
1444 2215 1626 2289 significare
1648 2217 1711 2276 nisi

451 2327 562 2388 ‚arma
591 2315 647 2373 tua
677 2314 804 2375 indue’'.
837 2316 991 2375 Armatur
1022 2315 1198 2389 Patroclus,
1230 2315 1323 2388 idque
1351 2315 1542 2375 describitur
1566 2315 1712 2375 versibus

448 2413 502 2486 qui
526 2413 605 2474 nihii
629 2415 748 2476 babent
770 2415 901 2493 insoliti,
926 2415 989 2476 nisi
1013 2417 1096 2489 quod
1119 2417 1192 2492 post
1215 2416 1313 2476 verba

713 2515 850 2595 δεύτερον
872 2507 911 2576 αὖ
934 2515 1060 2595 θώρηκα
1083 2514 1149 2596 περὶ
1173 2515 1331 2593 στήθεσσιν
1354 2514 1440 2576 ἔδυνε

448 2615 594 2688 sequitur
615 2631 748 2678 versus:

714 2718 849 2778 ποικίλον
871 2715 1042 2797 ἀστερόεντα
1065 2718 1215 2790 ποδώκεος
1239 2717 1393 2778 Αἰακίδαο.

449 2819 544 2880 Hunc
573 2819 666 2882 deme
697 2836 715 2882 s
746 2823 910 2896 contextu,
941 2823 975 2883 et
1005 2820 1113 2881 nulius
1142 2822 1182 2882 de
1206 2820 1329 2882 Achille
1353 2836 1446 2882 arma
1468 2837 1541 2882 cum
1569 2821 1713 2882 Patroclo

449 2924 646 2999 permutenti
677 2924 737 2985 iroc
767 2923 836 2985 ioco
858 2925 920 2985 erit
942 2937 1060 2985 sermo.
1084 2923 1227 2985 Affertur
1249 2926 1359 2984 autem
1383 2924 1479 2984 buius
1503 2938 1619 2984 versus
1639 2923 1659 2984 i.
1683 2937 1711 2982 a.

449 3033 549 3086 κακῶν
578 3023 687 3106 βελέων
718 3023 861 3105 ἀιεωρὴν,
891 3041 989 3101 quam
1020 3027 1052 3087 in
1084 3042 1143 3087 suo
1175 3027 1315 3088 Homero
1346 3027 1462 3102 legisse
1494 3026 1620 3090 videtur
1645 3027 1711 3088 Ari·

449 3129 623 3203 stephanos
643 3129 796 3205 comicus,
818 3143 914 3202 quem
935 3128 1006 3190 vide
1030 3127 1124 3202 Vesp.
1140 3144 1186 3190 vs.
1211 3131 1285 3204 6153
1310 3131 1357 3192 sic
1378 3145 1504 3204 quoque
1523 3130 1562 3190 de
1580 3129 1712 3191 Achillis

485 3419 503 3487 ¹)
526 3423 582 3473 vlu.
607 3423 684 3471 etiem
710 3427 734 3470 A
756 3423 796 3471 is.
820 3423 869 3472 beri
893 3423 988 3473 iruetro
1016 3425 1118 3486 qtridsru
1139 3429 1216 3473 -et
1239 3438 1284 3472 nos
1306 3425 1415 3472 situlum
1435 3452 1466 3461 —
1485 3425 1535 3472 iruo
1561 3423 1715 3472 rettulerunt

450 3504 535 3554 iocum
555 3509 574 3551 ο
591 3505 639 3554 iso
657 3519 705 3565 eq..
722 3503 766 3552 ubi
784 3503 879 3552 mirum
896 3505 933 3552 eto
950 3505 1066 3566 increpet
1083 3505 1156 3552 Aiax:

782 3586 805 3645 ἔμ’
822 3589 885 3640 τινος
901 3604 978 3647 perper
992 3585 1068 3644 ippor'
1087 3587 1233 3650 ἀοσσητῆρας
1250 3589 1347 3640 ὀπίσσω,

785 3665 808 3723 ἤι’
826 3681 847 3711 τι
864 3673 940 3724 seim
956 3665 1039 3730 ἄρτιον,
1057 3663 1070 3711 ὅ
1087 3664 1106 3711 κ’
1126 3663 1224 3728 ἀνδράσι
1241 3665 1318 3724 λοιγὸν
1334 3667 1432 3722 ιἰμύνοις

448 3757 540 3790 murem
560 3741 705 3791 isaurius
723 3745 891 3804 interpreteti,
910 3747 1012 3802 postem
1030 3746 1125 3802 eutem,
1143 3744 1187 3802 qui
1205 3743 1268 3790 hsec
1286 3743 1364 3790 verbe
1382 3743 1451 3790 Aiaci
1469 3742 1596 3803 tribuerit,
1614 3742 1712 3790 nullum

449 3827 508 3871 ente
531 3826 613 3870 cesus
636 3835 738 3870 murum
763 3822 863 3868 norieee
885 3822 945 3868 inde
967 3822 1117 3870 eiticisuiee.
1142 3823 1174 3868 it
1191 3823 1261 3868 reete
1278 3821 1424 3868 obserserit
1442 3834 1491 3868 sen
1507 3821 1670 3881 Herwerdeu,
1688 3821 1714 3866 id

449 3902 486 3949 sio
509 3901 613 3949 demum
637 3900 760 3948 credibile
782 3912 838 3946 esee
855 3899 876 3946 si
896 3900 964 3946 hune
982 3899 1066 3946 iocum
1084 3901 1136 3946 esti
1153 3901 1267 3948 omnium
1285 3899 1459 3946 vetustissimo
1478 3899 1630 3955 tribuemus.
1647 3899 1715 3946 huno

450 3993 510 4028 sero
527 3993 577 4028 nou
589 3980 683 4044 ΙΑριιον
699 3977 745 4025 sed
764 3982 854 4040 Ἀρήιον
870 3979 999 4026 dicturum
1018 3977 1104 4024 tuisse.
1123 3978 1213 4038 iisque
1230 3979 1308 4043 ἄρτιον
1321 3977 1484 4039 praestantius
1498 3976 1537 4039 (ul
1554 3979 1620 4025 '1¹88
1639 3981 1652 4033 ζ
1669 3979 1714 4025 ist

450 4070 472 4120 ψ
494 4057 553 4120 ibo)
579 4072 636 4105 oum
663 4057 743 4104 schol.
777 4057 973 4117 Viuterpreteri
996 4056 1195 4104 utiueeetus
1215 4068 1369 4105 removero
1386 4061 1407 4102 A
1426 4058 1473 4103 sui
1493 4057 1559 4103 eitno
1577 4056 1645 4104 idem
1663 4059 1713 4103 ets-

451 4137 584 4198 tueudum,
597 4138 661 4185 haec
680 4135 797 4196 quaestio
814 4135 839 4182 in
860 4135 944 4182 medio
954 4149 1021 4183 nunu
1037 4135 1125 4183 reiiets
1140 4139 1203 4196 esto,
1220 4151 1234 4182 s
1243 4137 1374 4196 proposito
1388 4137 1455 4182 enim
1471 4139 1558 4182 nostro
1571 4135 1654 4182 eliens
1668 4138 1715 4183 eet

482 4211 502 4280 ²)
521 4217 594 4265 iiiito
621 4229 696 4272 cuno,
722 4215 841 4276 quonism
867 4217 929 4262 satie
955 4216 1089 4276 perspicue
1115 4217 1191 4274 etque
1217 4219 1335 4263 accurate
1359 4216 1422 4262 haec
1450 4229 1490 4260 ros
1517 4215 1607 4275 paucis
1630 4214 1715 4261 verbis

450 4295 619 4344 demonstreri
645 4295 743 4354 nequit,
769 4293 952 4342 boemensirum
979 4293 1055 4340 modo
1079 4308 1095 4341 e
1117 4294 1220 4340 sinistre
1243 4294 1318 4340 modo
1340 4307 1355 4340 e
1374 4294 1465 4340 dextre
1483 4296 1624 4340 uestrorum
1642 4295 1715 4352 perte

451 4376 580 4430 fluentem,
605 4373 681 4422 modo
709 4373 765 4420 urbi
790 4373 933 4432 proximum
956 4373 1032 4420 modo
1056 4373 1114 4420 inde
1138 4377 1273 4426 remotum.
1300 4371 1375 4418 inodo
1402 4372 1525 4418 'Proisnoe
1551 4370 1584 4416 eb
1614 4369 1716 4416 Achivis

450 4453 604 4500 dividentem
631 4451 708 4498 modo
726 4465 740 4498 s
757 4452 864 4512 planitie
881 4452 925 4499 ubi
948 4465 1035 4511 pugne
1053 4452 1082 4496 iit
1099 4451 1242 4498 erasnidum.
1263 4452 1422 4509 quemquem
1444 4451 1504 4496 irino
1521 4461 1624 4508 quoque
1640 4460 1716 4506 ergu-

451 4533 537 4580 mente
553 4531 659 4578 minime
675 4529 771 4579 debilis
787 4539 896 4592 possunt
911 4530 1012 4590 deduci,
1031 4544 1079 4577 nou
1098 4531 1166 4577 enim
1184 4530 1279 4577 teiibue
1296 4530 1322 4576 in
1337 4529 1414 4576 rebus
1429 4529 1477 4576 eibi
1492 4542 1582 4589 perum
1599 4529 1715 4575 oouetero

450 4610 516 4658 eoist
533 4613 609 4672 poete
626 4610 701 4657 ouius
718 4609 796 4657 meriti
814 4623 855 4657 ree
872 4623 937 4670 quse
954 4609 1036 4670 pingit
1054 4610 1137 4657 clerus
1155 4613 1232 4669 eiquo
1250 4608 1350 4657 virides
1367 4608 1542 4656 obversentur.
1558 4607 1616 4656 Vici.
1631 4605 1716 4654 Obrist

451 4691 492 4740 die
519 4690 667 4738 eeobliobsn
690 4688 886 4750 widereprucna
909 4691 955 4738 der
979 4689 1040 4736 ilias
1062 4685 1151 4750 (Simu.
1175 4689 1199 4738 d.
1224 4687 1521 4752 b.sksd.1sui.11p.
1543 4687 1589 4734 lib
1606 4687 1673 4752 sqq.)
1690 4689 1715 4736 et

454 4771 595 4832 Proiegom.
612 4768 685 4818 nied.
705 4784 730 4832 p.
749 4771 778 4817 ti
797 4783 836 4832 sq.
