4100 5724
284 664 305 741 y
328 667 401 738 rar]
889 663 952 726 tar

330 854 361 920 θ)
384 851 454 912 Non
477 853 510 911 in
534 853 659 913 cunctis
682 851 794 912 iormls
819 851 871 912 ubl
895 851 1059 927 expectari
1081 853 1208 926 poterat
1229 857 1379 914 cernitur.

331 954 362 1019 3)
384 951 435 1011 Ad
464 953 604 1011 metrum
637 951 833 1012 fulciendum
866 950 1028 1012 veteribus
1060 951 1162 1025 poetis
1189 952 1267 1013 nihil
1291 954 1420 1029 profult,
1444 955 1553 1029 ltaque

286 1067 328 1111 ex
349 1051 474 1125 poetica
496 1049 645 1112 libertate
668 1049 821 1126 explicari
844 1051 966 1124 nequit.

331 1153 361 1222 4)
385 1151 480 1212 Verbi
503 1149 555 1210 lav
579 1167 641 1212 non
666 1153 861 1226 usurpantur
883 1151 1006 1212 formae
1030 1150 1203 1212 distractae
1217 1148 1248 1228 ¹),
1271 1153 1327 1214 sed
1348 1155 1444 1215 buius
1465 1156 1555 1216 verbi

286 1252 395 1313 littera
425 1252 569 1328 initialis,
596 1267 679 1327 quae
702 1255 736 1313 et
759 1253 843 1327 apud
867 1252 1046 1313 Homerum
1070 1253 1105 1313 et
1126 1253 1210 1327 apud
1235 1255 1359 1315 ceteros
1383 1256 1554 1330 scriptores
1658 1225 1665 1265 ³

286 1370 400 1415 omnes
422 1355 530 1416 brevis
553 1355 614 1430 est,
638 1353 677 1414 ad
701 1355 844 1415 metrum
868 1356 1030 1427 utcunque
1053 1353 1248 1429 explendum
1271 1356 1457 1429 producitur
1479 1358 1554 1430 (ald.

286 1473 315 1530 p.
339 1456 425 1524 424).
449 1456 486 1516 In
509 1458 569 1516 boc
592 1456 691 1530 igitur
714 1456 821 1530 verbo,
845 1455 900 1516 ubi
920 1455 1104 1516 necessaria
1122 1470 1186 1515 non
1206 1455 1373 1516 videbatur
1392 1457 1555 1534 diectasis,

286 1572 348 1617 non
380 1558 432 1617 est
461 1557 612 1618 adbibita.
645 1555 788 1617 blandem
812 1555 1062 1631 explicationem
1086 1555 1206 1616 lrabeat
1228 1555 1351 1616 formae
1374 1556 1480 1630 qualis
1504 1559 1556 1618 est

286 1668 459 1738 στρωφῶσα,
489 1675 626 1733 quarum
658 1658 763 1734 prima
792 1657 918 1732 syllaba
947 1657 980 1719 in
1011 1658 1105 1720 textu
1135 1659 1261 1733 recepto
1292 1673 1461 1733 perperam
1489 1675 1555 1735 pro·

286 1763 422 1825 ducitur.

332 1869 363 1937 b)
386 1866 548 1928 Posterior
580 1867 644 1941 Ias,
679 1865 707 1926 si
737 1865 777 1926 ad
809 1865 892 1925 banc
921 1864 1161 1938 provocandum
1191 1865 1251 1938 est,
1276 1863 1420 1925 litteram
1443 1888 1463 1922 α
1494 1880 1557 1926 non

287 1967 404 2028 iterare
425 1967 483 2029 sed
505 1969 581 2028 ante
606 1967 751 2028 vocalem
774 1965 807 2025 ln
830 1985 843 2024 ε
866 1967 993 2026 mutare
1016 1965 1099 2025 solet
1122 1960 1296 2034 (ἐπιστέαται
1320 1961 1500 2043 ὁρίσασα).

333 2071 363 2138 6)
387 2067 437 2128 Ab
467 2067 587 2128 infelici
617 2068 753 2140 dentque
783 2065 928 2142 audacia,
951 2065 1057 2140 qualis
1080 2067 1112 2126 in
1136 2066 1250 2126 formis
1271 2066 1436 2128 distractis
1460 2069 1558 2129 cerni-

287 2171 351 2244 tur,
390 2183 453 2229 non
488 2168 693 2229 abhorruisse
727 2167 914 2243 posterioris
948 2167 1021 2227 aevi
1055 2167 1214 2240 homines,
1249 2167 1412 2228 testantur
1446 2184 1560 2230 versus

288 2269 420 2343 aliquot,
443 2268 497 2329 ubi
521 2267 641 2328 vocalis
664 2268 760 2328 metri
780 2281 879 2328 causa
900 2267 1023 2326 inserta
1043 2267 1095 2326 est
1113 2266 1226 2326 formis
1247 2281 1329 2340 quae
1349 2282 1389 2328 ne
1410 2269 1558 2343 poterant

287 2370 416 2442 quidem
429 2369 574 2444 distrahi,
588 2384 662 2429 cum
675 2384 737 2429 non
751 2369 861 2429 essent
872 2384 914 2428 ex
926 2367 1144 2428 contractione
1156 2369 1268 2428 natae:
1282 2363 1425 2446 άγσσθαι,
1437 2364 1563 2448 ἄγασθε,

288 2469 407 2550 ἔράσθε,
435 2471 475 2531 ab
506 2467 618 2550 άγᾶμαι
649 2471 683 2532 et
712 2467 817 2547 ἔράμαι
848 2471 980 2543 ductam
1019 2484 1076 2544 pro
1106 2469 1222 2544 quibus
1249 2466 1402 2548 ἀγάασθαι
1426 2467 1561 2549 ἀγάασθε

288 2569 418 2650 ἐράασθε
441 2572 535 2632 bodie
559 2571 677 2644 legitur
699 2570 779 2632 locis
801 2570 915 2646 tribus,
940 2585 1077 2643 quorum
1100 2570 1225 2644 primus
1247 2572 1299 2630 est
1320 2591 1343 2628 α
1368 2573 1431 2630 203
1455 2587 1521 2644 sq:

512 2665 665 2749 Τηλέμαχ’,
687 2667 725 2732 σά
748 2686 780 2730 σε
801 2667 923 2730 Hforae
947 2669 1036 2746 φίλον
1059 2663 1156 2747 πατέρ’
1182 2666 1270 2730 ἔνδον
1293 2666 1379 2730 ἐόντα

511 2768 579 2832 οὔτε
601 2793 628 2830 σι
651 2770 819 2848 θαυμάζειν
841 2770 1000 2850 περιώσιον
1024 2764 1083 2831 οὔτ’
1109 2766 1324 2849 ἀγάασθαι.

289 2874 338 2934 lix
372 2866 431 2934 οὔτ’
467 2869 599 2953 ἄγασθαι
633 2873 693 2933 boc
726 2873 837 2949 aperto
872 2873 949 2934 vitio
984 2874 1036 2934 est
1066 2874 1276 2949 distractum;
1309 2873 1429 2935 excidit
1462 2875 1560 2950 igitur

291 2975 549 3050 monosyllabum
573 2975 712 3051 aliquod,
736 2975 960 3050 corrigendum
982 2977 1094 3036 autern
1116 2975 1245 3036 videtur
1264 2969 1321 3035 οὔτ’
1345 2969 1389 3054 ἄρ’
1411 2972 1561 3055 άγασθαι;

290 3095 331 3140 an
355 3079 437 3140 satis
459 3080 571 3154 aptum
595 3078 776 3138 sententiae
800 3092 976 3153 pronomen
1000 3074 1066 3138 οὔτε
1089 3071 1123 3136 θ’
1150 3073 1308 3158 dyadem?

335 3181 461 3244 (lortius
484 3180 598 3254 corrigi
624 3181 731 3256 potest
754 3201 767 3239 ε
793 3181 872 3242 119:

514 3280 548 3341 αἴ
565 3302 594 3340 τε
615 3284 733 3352 θεαῖς
756 3278 938 3361 ἀγάασθε
959 3275 1024 3360 παρ’
1051 3279 1195 3361 ἀνδράσιν
1219 3281 1406 3360 εὐνάζεσθαι,

291 3384 345 3444 ubi
363 3383 437 3459 quis
456 3398 519 3443 non
544 3381 699 3443 rescribat
720 3386 828 3468 θεῇσιν
851 3377 982 3463 tyara!
1007 3383 1047 3444 cr.
1059 3383 1078 3453 5
1092 3385 1143 3444 57.
1163 3383 1280 3445 Forma
1298 3384 1458 3459 bisyllaba
1477 3389 1561 3458 θεαῖς

292 3504 309 3548 e
333 3487 443 3561 lingua
466 3485 652 3560 quotidiana
675 3485 820 3560 irrepsit:
845 3485 893 3546 sic
915 3501 991 3548 vero
1014 3481 1129 3565 ἄγασθε
1152 3487 1290 3562 primam
1315 3487 1444 3563 longam
1469 3488 1561 3550 babe-

291 3590 362 3652 bat:
395 3588 478 3662 quod
503 3587 558 3661 qui
581 3588 735 3649 vitiosum
758 3603 831 3649 esse
853 3588 1039 3649 sentiebant
1061 3588 1222 3662 syllabam
1245 3591 1436 3663 sequentem
1459 3591 1562 3652 invita
1659 3613 1661 3619 ·

291 3690 402 3765 lingua
431 3690 662 3751 distraxerunt.
694 3689 893 3751 lialeaanam
923 3691 1097 3752 lectionem
1127 3691 1272 3752 confutat
1301 3691 1425 3752 vicinus
1448 3707 1563 3753 versus

290 3811 304 3849 ε
338 3793 399 3852 129
431 3781 471 3861 ἀς
502 3784 533 3849 ‹l’
565 3781 605 3850 αὖ
630 3797 687 3849 νῦν
709 3812 760 3868 μοι
783 3787 935 3870 ἄγασθε
957 3791 1108 3868 &rutubi
1132 3789 1283 3869 ἄγασθε
1305 3808 1404 3868 pravo
1428 3796 1562 3856 accentu

291 3892 340 3952 edi
371 3891 465 3966 solet,
496 3891 573 3951 licet
603 3891 677 3951 inde
709 3907 728 3950 a
758 3891 867 3966 pueris
890 3893 1026 3953 recitare
1048 3893 1213 3954 soleamus
1236 3894 1315 3955 illud
1338 3891 1378 3966 ὡς
1401 3890 1443 3973 σὲ,
1464 3895 1564 3974 γύναι,

291 3987 411 4071 άγαμαι.
435 3989 495 4051 Vid
517 3989 538 4067 ξ
561 3988 649 4053 305¹.

336 4093 481 4154 l¹ertlum
515 4093 700 4154 monstrum
735 4094 786 4154 est
819 4089 948 4172 ἐράασθε
980 4095 1014 4152 Π
1043 4096 1116 4166 208,
1149 4095 1204 4156 ubl
1236 4094 1453 4169 Myrmidonas
1484 4097 1560 4158 dum

294 4194 467 4268 alloquitur
490 4193 651 4255 Achilles:
676 4209 762 4254 nanc
786 4227 825 4238 —
849 4194 955 4269 inquit
978 4229 1018 4239 —
1043 4198 1127 4258 adel

514 4293 680 4368 φυλόπιδος
703 4292 777 4374 μέγα
799 4290 920 4374 άὲργαν,
942 4292 1007 4372 ἕης
1029 4294 1061 4356 τὸ
1083 4295 1155 4374 reple
1178 4291 1201 4375 γ’
1228 4294 1408 4375 ἐράασθε.

292 4392 390 4453 Nlbill
425 4395 477 4452 est
505 4407 570 4452 vox
601 4390 651 4468 ἕης
681 4408 737 4467 pro
767 4383 814 4468 ἧς,
843 4408 1003 4466 nusquam
1036 4395 1111 4456 alibi
1134 4395 1229 4455 obvia
1252 4396 1406 4469 cuiusque
1429 4398 1561 4472 patrocl-

296 4491 387 4552 nium
410 4506 506 4551 nemo
529 4492 596 4552 iarn
616 4493 789 4568 suscipiat;
810 4495 893 4566 quod
914 4493 1000 4554 enlm
1020 4509 1122 4554 unum
1141 4497 1320 4570 comparari
1338 4497 1464 4571 poterat
1482 4497 1561 4556 olim

328 4735 346 4802 ¹)
363 4738 520 4800 Excipisnda
538 4742 599 4787 sunt
615 4741 670 4800 ἐάᾳς
685 4757 702 4798 μ
722 4741 770 4786 aaa
788 4757 801 4786 ι
820 4741 868 4787 ³¹14
885 4735 1022 4807 (indicat),
1041 4743 1112 4790 rrlo
1129 4761 1146 4802 μ
1168 4743 1215 4790 13Ί
1233 4740 1392 4808 (sabinum),
1408 4747 1451 4806 idq
1471 4746 1561 4806 sall,

293 4821 349 4864 biae
368 4825 385 4864 θ
405 4819 462 4879 bob,
480 4819 524 4866 ubi
543 4820 657 4867 nonnulli
676 4820 778 4868 codices
796 4823 834 4884 lqr
851 4823 877 4884 iq
894 4825 934 4870 σᾶν
951 4821 1078 4884 praebent
1097 4825 1179 4871 metro
1198 4823 1285 4872 invito.
