3936 5704
336 785 412 857 aa]
493 764 494 770 ‘
967 783 987 844 a

337 968 558 1028 Romanorum
580 965 727 1027 versibus
750 965 921 1042 Saturnlls,
944 966 1096 1027 credibile
1120 967 1221 1029 immo
1246 969 1431 1030 verosimile
1458 973 1519 1047 est,
1551 972 1608 1034 sed

338 1066 553 1129 demonstrari
576 1065 697 1141 nequit,
721 1064 800 1126 nihil
824 1065 912 1126 enim
944 1083 984 1127 ex
1012 1067 1091 1128 artis
1114 1067 1171 1128 iila
1192 1068 1330 1130 infantia
1352 1071 1497 1132 aetatem
1521 1071 1607 1133 tulit.

339 1169 441 1230 Hodie
471 1169 557 1228 ultra
586 1167 731 1227 carmine
761 1165 933 1226 Homerica
963 1167 1110 1227 recedere
1141 1182 1205 1228 non
1235 1168 1321 1243 licet,
1350 1169 1430 1230 baec
1453 1172 1610 1232 autema

339 1285 472 1346 poeseos
494 1268 696 1329 incunabulis
721 1268 840 1340 quanto
865 1269 1020 1342 temporis
1048 1269 1218 1330 intervallo
1242 1270 1363 1330 distant
1383 1285 1458 1330 cum
1479 1271 1609 1334 aliunde

339 1373 559 1449 intellegimus
594 1373 665 1434 turn
700 1371 879 1433 luculenter
910 1369 1002 1432 docet
1033 1387 1243 1434 numerorum
1266 1373 1354 1433 tersa
1378 1373 1413 1434 et
1436 1375 1609 1450 multiplex

339 1475 508 1551 elegantia.

382 1579 489 1642 Missis
523 1579 621 1655 igitur
655 1578 864 1656 temporibus,
900 1593 1037 1652 quorum
1074 1578 1164 1640 nulla
1195 1578 1236 1640 ad
1267 1595 1326 1640 nos
1356 1583 1534 1659 propagata
1557 1585 1609 1645 est

320 1683 506 1760 memoria,
529 1682 600 1757 ipsa
622 1683 768 1743 carmina
789 1681 963 1742 Homerica
985 1682 1235 1744 consideremus.
1262 1681 1449 1761 composita
1468 1687 1547 1747 aunt
1566 1703 1607 1748 ex

341 1785 487 1846 versibus
506 1785 560 1858 qui
579 1784 668 1844 senis
686 1783 804 1844 ictibus
816 1783 960 1845 distincti
972 1785 1049 1845 aunt
1061 1787 1094 1845 et
1105 1785 1276 1844 hcccmciri
1287 1785 1358 1847 ideo
1372 1789 1481 1849 vocari
1492 1789 1608 1849 soient.

383 1886 452 1947 Non
487 1886 633 1946 omniurn
664 1887 774 1945 tamen
804 1885 930 1946 ictuum
961 1887 1073 1947 eadem
1097 1888 1149 1946 est
1177 1886 1237 1961 vis,
1262 1888 1319 1947 sed
1341 1888 1468 1961 primus
1490 1891 1523 1950 et
1547 1890 1607 1950 ter·

340 1988 415 2063 tius,
451 1987 593 2060 itemque
623 1987 760 2059 quartus
790 1985 823 2046 et
845 1987 970 2062 sextus,
995 1987 1116 2048 maiore
1140 1987 1229 2047 vocis
1253 1989 1403 2049 acumine
1426 1989 1609 2052 indicantur

340 2104 437 2162 quam
463 2087 625 2149 secundus
647 2089 681 2148 et
704 2086 847 2161 quintus.
872 2087 1014 2163 Quartus
1033 2090 1144 2148 autem
1166 2088 1251 2149 ictus
1271 2103 1291 2148 a
1310 2089 1406 2150 tertio
1425 2105 1488 2152 non
1501 2091 1608 2153 solum

340 2189 434 2265 thesi,
464 2204 547 2263 qnae
577 2189 768 2263 interposita
791 2190 852 2264 est,
876 2191 1057 2263 separatur,
1081 2189 1138 2251 sed
1162 2190 1331 2264 praeterea
1353 2190 1524 2253 intercedit
1546 2207 1609 2254 coc·

203 2335 225 2368 ,.
338 2307 426 2365 euro,
456 2305 520 2364 qua
543 2305 658 2350 versus
681 2289 840 2365 heroicus,
868 2289 992 2363 longior
1015 2304 1113 2361 quarn
1138 2291 1176 2349 ut
1198 2289 1268 2350 sine
1291 2291 1424 2365 spiritus
1447 2291 1607 2352 intermis-

209 2432 215 2448 .
340 2391 428 2451 sione
451 2392 526 2464 apte
548 2390 651 2464 possit
674 2388 813 2464 recitari,
837 2389 871 2448 in
885 2389 976 2449 duas
998 2390 1107 2463 partes
1130 2389 1303 2450 dirimitur.

384 2590 507 2665 Singuli
538 2590 646 2667 pedes,
669 2603 710 2650 ex
733 2589 851 2664 quibus
878 2588 1008 2650 constat
1029 2603 1145 2649 versus
1167 2589 1325 2667 heroicus,
1347 2589 1395 2649 ita
1417 2589 1609 2651 conformati

340 2693 418 2754 sunt
451 2693 489 2752 ut
522 2690 683 2767 syllabam
718 2691 858 2768 longam,
891 2688 957 2751 ictu
988 2690 1160 2768 insignem,
1182 2693 1240 2751 aut
1262 2705 1327 2752 una
1349 2689 1445 2766 longa
1470 2691 1610 2767 excipiat

340 2797 374 2858 in
397 2795 482 2858 thesi
506 2794 662 2857 collocata
685 2795 743 2855 aut
765 2793 847 2855 duno
869 2793 995 2871 breves,
1015 2793 1211 2856 coniunctim
1236 2793 1334 2868 igitur
1352 2795 1411 2854 aut
1429 2795 1607 2871 spondeum

341 2893 422 2972 (i.)
445 2899 503 2960 aut
525 2896 691 2972 dactylum
709 2891 816 2980 (Lm)
840 2895 1026 2958 allicientes.
1051 2895 1172 2957 breves
1195 2897 1306 2956 autem
1336 2895 1480 2970 syllabas
1507 2911 1606 2958 unam

209 3005 212 3010 “
340 3000 466 3063 m'oram
501 3001 645 3076 implere,
673 2999 786 3073 longas
815 2997 952 3058 duarum
985 3013 1057 3058 esse
1082 3012 1257 3074 morarum,
1282 3014 1323 3059 ex
1346 3002 1485 3073 quatuor
1508 3000 1606 3074 igitur

340 3102 439 3163 rnoris
472 3099 617 3174 singulos
648 3099 794 3173 dactylos
827 3099 876 3160 vol
901 3101 1060 3174 spondeos
1084 3102 1242 3176 constare,
1267 3099 1401 3176 vulgata
1423 3102 1475 3162 ost
1498 3101 1605 3162 metri·

340 3220 450 3267 corum
473 3203 626 3266 doctriua.
651 3203 740 3279 iluod
762 3203 874 3265 tauron
898 3217 961 3264 non
985 3203 1024 3264 ab
1049 3203 1138 3264 omni
1161 3204 1251 3279 parte
1276 3219 1389 3265 verum
1410 3221 1483 3266 esse
1503 3220 1607 3280 nequo

341 3310 466 3370 veteres
496 3307 580 3382 iugit
609 3321 712 3380 neque
741 3305 920 3367 hodiernos.
954 3306 1084 3383 Syllaba
1114 3326 1143 3366 τε
1169 3322 1220 3368 ex.
1244 3322 1290 3382 gr.
1323 3307 1420 3369 citius
1447 3309 1608 3384 profertur

340 3426 437 3484 quam
468 3409 610 3471 nominis
642 3407 800 3489 Ἀφροδίτη
831 3409 937 3483 prims
966 3408 1102 3485 syllaba,
1134 3409 1211 3471 iicet
1239 3425 1296 3485 pro
1327 3410 1417 3472 brevi
1450 3411 1608 3472 habeatur

340 3515 485 3586 utraque.
509 3512 594 3572 Item
616 3510 744 3584 longius
767 3509 931 3584 aliquanto
955 3511 1084 3586 tempus
1111 3511 1285 3585 requiritur
1307 3511 1346 3571 ad
1372 3512 1608 3574 enunciandam

339 3612 500 3686 syllabam
530 3611 690 3672 initialem
722 3611 919 3672 substantivi
949 3611 1054 3691 πρῆξις
1088 3611 1141 3672 rei
1173 3613 1386 3687 comparativi
1418 3617 1527 3696 λῳστος
1558 3613 1610 3673 vel

339 3713 490 3775 infinitivi
516 3719 703 3791 χραισμῆσαι,
729 3727 828 3787 quam
849 3714 882 3773 in
915 3727 1032 3773 vocum
1065 3708 1136 3789 ἠώς,
1165 3704 1236 3789 εἶπα,
1266 3709 1354 3789 ἐστίν,
1377 3708 1473 3790 ἀδμής
1497 3714 1611 3788 primis

338 3814 473 3889 syllabis
508 3813 728 3875 consumitur:
763 3828 845 3903 quae
888 3813 1003 3888 longae
1038 3815 1148 3874 tamen
1183 3814 1357 3874 censentur
1391 3827 1506 3874 omnes
1540 3812 1611 3874 sine

341 3917 536 3978 discrimine.

383 4019 471 4078 Haec
505 4015 687 4077 observatio
721 4015 760 4076 de
796 4016 979 4090 quantitate
1013 4016 1214 4089 syllabarum
1249 4030 1325 4075 cum
1355 4015 1391 4075 iu
1420 4015 1612 4075 universum

338 4119 447 4178 valeat
476 4118 511 4178 et
532 4116 667 4176 minime
691 4115 735 4175 alt
757 4115 957 4191 negligenda,
982 4116 1015 4176 in
1040 4113 1222 4176 Homericis
1245 4115 1438 4188 praesertim
1462 4111 1608 4176 carmini·

338 4221 400 4280 bus
429 4218 513 4278 haud
536 4214 645 4289 exigui
669 4216 722 4275 est
745 4215 902 4275 momenti
927 4216 961 4274 et
982 4217 1137 4291 perpetuo
1159 4215 1269 4275 mente
1292 4215 1344 4275 est
1371 4215 1511 4275 tenenda
1533 4213 1611 4274 dum

338 4321 380 4380 iis
402 4334 532 4394 operam
554 4331 725 4378 navamus.
751 4317 789 4376 In
813 4317 903 4391 apice
926 4317 1014 4377 enim
1037 4317 1176 4378 dictione
1199 4315 1344 4389 syllabae
1368 4316 1451 4376 satis
1475 4315 1609 4390 multae,

339 4435 422 4494 tynae
456 4437 495 4481 ne
529 4435 628 4480 unam
664 4417 795 4492 quidem
830 4433 956 4478 moram
993 4419 1097 4478 totam
1128 4417 1311 4494 implerent,
1344 4420 1437 4479 extra
1467 4418 1610 4479 metrum

338 4524 463 4601 positae
497 4538 569 4584 esse
600 4520 792 4582 videbantur
822 4522 855 4582 et
885 4521 959 4582 irinc
991 4521 1114 4583 sensim
1138 4521 1342 4582 oblitteratae
1370 4523 1457 4598 sunt,
1481 4521 1610 4594 iamque

339 4629 374 4688 in
405 4625 484 4702 ipsis
515 4623 712 4686 carminibus
735 4639 799 4685 nou
822 4625 1048 4699 comparentes
1071 4638 1233 4700 syncopen
1257 4625 1286 4695 (a
1312 4625 1363 4694 12)
1387 4624 1438 4684 vel
1463 4625 1610 4698 aphaere-

273 4803 279 4822 .
338 4729 390 4791 sin
415 4730 443 4800 (ἓ
469 4729 541 4798 130)
575 4742 746 4802 perpessae
780 4742 854 4788 esse
888 4726 1038 4789 dicuutur
1072 4727 1129 4787 aut
1165 4727 1299 4788 elisione
1321 4741 1394 4788 esse
1419 4739 1611 4801 suppressae

338 4833 369 4903 (5
396 4832 456 4901 iii).
490 4832 575 4891 Item
610 4829 755 4904 syllabae
789 4830 923 4907 multae,
948 4845 1030 4905 quae
1060 4830 1211 4892 brevibus
1236 4831 1346 4891 essent
1368 4829 1529 4904 longiores
1552 4842 1612 4889 nec

338 4936 451 4996 tamen
483 4935 523 4995 ad
554 4933 722 5008 longarum
745 4933 947 5008 syliabarum
971 4935 1092 4996 iustam
1117 4948 1307 4994 mensuram
1330 4931 1546 5009 pervenirent,
1571 4945 1611 4992 ex
