3908 5724
255 717 273 784 ἓ
301 717 372 786 130]
861 721 924 778 333

385 897 502 980 ’κήδετο
524 899 580 982 γὰρ
603 907 744 982 Δαναῶν,
766 903 811 966 ὅτι
832 905 870 986 ῥυ
892 903 1081 990 θνῄσκοντας
1104 901 1230 984 ὁρᾶτο.
1419 903 1447 960 Α
1469 902 1522 962 56·

387 993 427 1073 ὧς
449 997 549 1078 ἔφαθ’·
573 1004 606 1062 αἲ
628 997 659 1063 δ’
684 1002 742 1084 ἄρα
766 1012 818 1084 τῆς
841 1006 919 1082 μάλα
941 1001 996 1084 μὲν
1012 1000 1148 1066 ’κλύον
1171 997 1222 1080 ἡδ’
1236 999 1387 1064 laridum.
1410 1000 1426 1072 ζ
1448 1001 1523 1060 247.

387 1099 437 1160 aei
460 1100 511 1175 τὰς
535 1097 590 1182 μὲν
610 1097 743 1163 ’σεῦαν
765 1103 899 1182 ποταμὸν
921 1103 1002 1184 πάρα
1025 1102 1171 1182 δινήεντα.
1432 1099 1449 1171 ζ
1469 1099 1523 1159 89.

254 1203 448 1278 Aphaeresis
482 1204 592 1264 autem
624 1203 770 1278 syllabici
803 1205 981 1280 augmenti,
1007 1219 1089 1278 quae
1115 1200 1300 1264 huiusmodi
1323 1200 1403 1261 locis
1425 1200 1524 1260 cerni·

253 1305 316 1380 tur,
340 1319 443 1378 neque
466 1320 508 1365 ex
531 1305 723 1367 Homericae
747 1306 898 1368 dictionis
921 1307 1027 1368 indole
1050 1306 1132 1367 satia
1151 1306 1225 1380 apte
1244 1303 1352 1379 potest
1370 1300 1524 1376 explicari

253 1421 356 1480 nequo
390 1422 464 1468 cum
495 1407 683 1468 recentioris
713 1407 842 1483 linguae
874 1408 1068 1485 proprietate
1097 1407 1286 1483 comparari.
1311 1405 1389 1466 Poat
1410 1404 1525 1466 vocatae

255 1522 329 1568 vero
362 1506 509 1581 syllabici
539 1509 706 1583 augmenti
737 1511 922 1586 suppressio
953 1511 1066 1585 postea
1091 1524 1220 1584 quoque
1244 1506 1435 1584 pervulgata
1457 1521 1524 1582 per·

254 1609 375 1669 mansit
398 1608 481 1669 inter
503 1611 632 1685 poetam
656 1625 720 1684 qua
742 1611 780 1671 de
804 1627 837 1672 re
863 1627 939 1673 mox
965 1611 1057 1687 plura
1079 1612 1176 1673 enrnt
1196 1609 1339 1671 dicenda.

297 1710 494 1784 Subiuugam
519 1725 604 1772 nunc
627 1713 911 1790 computationem,
936 1729 1018 1788 quae
1045 1713 1179 1775 debetur
1201 1711 1323 1772 ferreae
1345 1707 1524 1771 industriae

253 1813 348 1873 amici
381 1813 446 1873 mei
474 1813 603 1875 Mendes
634 1815 674 1874 da
705 1815 817 1890 (loeta3
848 1815 900 1876 iric
929 1815 1016 1877 enim
1040 1813 1127 1876 locos
1158 1813 1357 1886 Homericos,
1382 1809 1436 1884 qui
1461 1809 1524 1870 huc

254 1915 385 1992 iaciunt,
409 1917 542 1978 cunctos
565 1916 703 1994 collegit,
727 1917 894 1994 disposuit,
917 1915 1103 1994 diudicavit,
1126 1920 1160 1979 et
1183 1916 1330 1992 schedas,
1351 1913 1384 1974 in
1407 1910 1524 1985 quibus

253 2017 441 2093 consignata
462 2017 600 2079 babebat
623 2034 706 2093 quae
729 2035 846 2095 magno
869 2021 977 2082 labore
1000 2020 1220 2096 indagaverat,
1244 2015 1420 2079 liberaliter
1443 2013 1524 2075 milri

253 2120 481 2196 commodavit,
506 2124 544 2182 ut
565 2136 621 2196 pro
646 2137 719 2184 meo
742 2121 874 2184 arbitrio
897 2123 938 2184 iis
960 2124 1079 2184 uterer.

297 2221 346 2282 Ex
369 2221 465 2282 buius
488 2222 587 2296 igitur
609 2223 670 2284 viri
694 2223 778 2285 docti
802 2222 959 2300 catalogis
987 2225 1083 2286 didici
1107 2237 1190 2298 quae
1213 2223 1280 2284 iarn
1304 2235 1378 2282 cum
1401 2218 1525 2281 lectori·

254 2322 315 2383 bue
338 2323 599 2384 communicabo:

646 2512 671 2573 Ι.
697 2511 921 2586 angmentum
944 2511 1129 2588 eylbrbtcum

345 2671 462 2746 iegitur
485 2673 564 2734 locis
887 2674 973 2735 saal
999 2671 1020 2745 ¹)

345 2772 418 2833 addi
436 2774 545 2848 potest
563 2773 642 2834 locis
909 2775 973 2834 982
996 2772 1020 2844 ¹)
1150 2861 1237 2922 6276

345 2959 438 3020 abest
460 2975 480 3021 a
500 2961 613 3021 formis
636 2975 718 3033 quae
738 2962 928 3022 hexametro

455 3061 574 3136 alioqui
593 3061 691 3124 inseri
703 3077 767 3122 non
778 3063 927 3139 poterant
1040 3063 1105 3122 450

343 3163 436 3224 obeat
458 3178 573 3224 versus
596 3163 688 3223 initio
886 3163 970 3224 1053

453 3267 528 3341 post
546 3281 716 3327 caesuram
906 3267 970 3327 843

454 3367 528 3440 pest
550 3367 664 3442 pedem
688 3369 840 3441 quartum
906 3368 972 3428 510

454 3469 528 3542 post
552 3467 694 3542 primum
716 3468 881 3543 dactylum
929 3469 970 3528 41
1018 3557 1103 3618 2447

344 3658 438 3720 abest
459 3659 533 3733 post
555 3659 699 3721 vocalem
726 3658 856 3735 longam
906 3661 968 3721 411

623 3809 637 3840 „
726 3763 860 3825 brevem
929 3763 971 3826 95

853 3903 1000 3914 ---
1039 3868 1104 3928 506

976 3993 1121 4003 —
1150 3954 1237 4016 8403

1114 4079 1258 4090 ---
1305 4043 1392 4103 autu

289 4312 308 4379 ¹)
325 4315 381 4364 Non
406 4317 508 4362 tantum
534 4315 657 4372 iocorum.
681 4317 726 4364 ubl
751 4318 874 4378 mseripta
896 4317 963 4365 inter
989 4331 1017 4364 ae
1035 4316 1207 4377 comentiunt,
1224 4315 1251 4362 iu
1268 4314 1317 4362 bau
1334 4315 1526 4375 computatione

254 4393 341 4442 habita
366 4396 407 4441 est
430 4395 504 4456 mtto,
529 4395 575 4442 sed
600 4396 622 4442 sl
648 4395 726 4443 modo
752 4396 777 4442 in
803 4407 856 4443 uno
882 4395 1033 4456 pluribusve
1055 4393 1187 4443 seutdom
1203 4393 1333 4454 legaretur
1352 4394 1528 4453 augmentum,

254 4471 345 4521 adesse
362 4473 388 4520 ln
406 4473 479 4520 textu
490 4472 591 4526 ,tradito
608 4474 701 4521 statuit
717 4474 822 4522 amicus.

287 4543 307 4611 'l
324 4551 354 4598 Iu
381 4549 447 4597 haue
470 4562 597 4598 summam
623 4551 722 4599 amicus
739 4551 838 4612 recepit
854 4551 933 4600 etiam
951 4551 1022 4600 iosos
1039 4552 1103 4598 satis
1119 4550 1232 4611 crebros,
1248 4550 1294 4598 ubi
1312 4551 1481 4609 augmentum
1498 4551 1528 4596 ut

253 4627 312 4675 addi
339 4629 429 4688 possit,
455 4629 564 4676 leminea
588 4643 695 4677 caesura
720 4630 746 4677 in
770 4629 913 4677 mucelam
937 4632 977 4677 est
998 4629 1128 4677 mutanda.
1146 4629 1241 4686 Quales
1258 4629 1413 4676 mutationes
1430 4628 1527 4675 babere

253 4707 323 4764 quod
340 4706 477 4766 displiceat
502 4721 533 4754 ex
551 4708 583 4753 iis
600 4721 667 4766 qrrae
685 4721 745 4769 pag.
762 4709 822 4754 944
841 4707 1031 4768 disputavimus
1048 4709 1180 4768 sequitur;
1197 4707 1243 4755 sed
1261 4707 1382 4766 quoniam
1402 4705 1526 4766 quioquid

254 4785 313 4832 irinc
339 4785 459 4846 domitor,
485 4785 551 4832 inira
577 4785 723 4834 stiriendum
750 4788 790 4834 ost
814 4801 930 4834 surrrmae
947 4787 1062 4834 locorum
1084 4787 1128 4835 ubi
1146 4789 1313 4846 angmentum
1334 4788 1394 4847 poet
1412 4785 1525 4836 vocalem

255 4865 359 4914 brevem
378 4866 531 4926 neglegitur,
548 4866 639 4914 ultima
656 4867 734 4915 buius
751 4867 951 4930 computationis
968 4868 1033 4916 ratio
1051 4868 1092 4918 vel
1109 4869 1146 4916 sic
1164 4867 1299 4919 constabit.
