3856 5700
967 641 1029 700 424
1511 642 1541 712 [5
1566 643 1626 702 191

359 835 413 894 ubl
435 831 529 895 nodia
551 830 587 906 ti
594 854 628 893 ει
650 834 762 894 invitis
785 831 875 894 libris
899 829 1075 892 rescribere
1098 829 1172 903 quis
1195 830 1322 903 estqui
1345 829 1470 890 dubitet
1491 829 1542 900 (cl.
1555 830 1573 899 5
1588 832 1626 890 ii

358 935 574 1099 pa{reverte-rea
595 1038 647 1100 bic
670 1036 974 1098 commemorandus
996 1035 1048 1094 est
1070 1048 1185 1095 versus
1208 1037 1238 1092 Λ
1262 1035 1325 1094 554
1350 1038 1393 1104 (=
1417 1035 1441 1092 P
1460 1035 1551 1103 udal:

578 1139 735 1219 καιόμεναί
755 1159 784 1199 τι
810 1135 900 1215 derel,
922 1136 974 1208 τάς
997 1157 1026 1196 τι
1049 1139 1138 1215 τρεῖ
1156 1131 1316 1213 ἐσσομένας
1338 1155 1403 1215 περ,

357 1241 412 1301 ubi
445 1238 509 1321 τρέ
516 1261 550 1301 ιι
577 1241 800 1304 neceesarium
822 1257 895 1303 esse
926 1255 1023 1303 nemo
1054 1238 1240 1301 admonitus
1271 1253 1334 1298 non
1359 1238 1447 1300 ridet
1469 1238 1520 1310 (cl.
1543 1238 1562 1306 t
1589 1242 1626 1298 14

357 1344 516 1518 13811οο110
532 1445 628 1506 aliter
650 1445 857 1506 iudicandum
879 1442 918 1505 de
943 1456 1039 1504 versu
1062 1464 1082 1519 μ
1108 1443 1166 1502 75:

575 1543 609 1606 τὸ
631 1540 686 1624 μὲν
707 1543 744 1606 οὔ
766 1539 827 1606 ποτ’
853 1541 973 1624 ἐρωεῖ,
996 1535 1150 1604 οὐδέποτ’
1175 1540 1279 1621 αἴθρη,

355 1649 476 1722 corrige
502 1645 642 1724 ἐριοέει.
677 1649 762 1708 Item
786 1662 842 1723 pro
865 1643 952 1722 φανὴ
979 1643 1028 1724 ῥεῖ
1053 1640 1177 1716 ἄσπετος
1199 1643 1231 1705 lr.
1260 1643 1337 1704 Van.
1367 1647 1430 1704 238
1454 1645 1623 1718 legendum

354 1763 428 1808 esse
451 1744 508 1826 ῥέει
533 1749 627 1809 docet
649 1749 792 1809 matrum
816 1747 867 1818 (ci.
891 1747 909 1816 5
937 1748 975 1805 14
999 1759 1070 1820 pag.
1096 1747 1158 1814 lo).

399 1848 513 1924 Qualia
543 1849 654 1908 autem
683 1848 841 1908 hactenus
871 1845 1011 1907 indicata
1041 1845 1119 1906 sunt
1150 1845 1239 1919 vitia,
1263 1845 1411 1905 eanullo
1435 1845 1625 1921 negotiosi

354 1949 414 2009 lroc
436 1962 525 2024 agas,
561 1948 645 2008 inter
668 1947 838 2020 legendum
864 1947 1001 2020 possunt
1022 1944 1146 2018 corrigi.
1179 1944 1247 2004 Non
1272 1941 1436 2024 ἐφορμᾶται
1458 1942 1623 2024 γαμέεσθαι

354 2045 386 2124 (α
407 2043 497 2130 275),
521 2051 558 2110 ut
579 2049 639 2111 hoc
663 2050 745 2125 utar,
765 2048 974 2109 Homericum
994 2047 1099 2122 sonat,
1120 2045 1176 2106 sed
1198 2047 1255 2106 aut
1272 2043 1448 2124 ἐφορμῶεται
1460 2042 1623 2125 γαμέεσθαι

352 2151 524 2213 dicendum
546 2153 606 2228 est,
629 2152 724 2226 idque
749 2153 874 2212 ueteres
900 2151 991 2210 vates
1011 2149 1168 2223 dicebant,
1193 2149 1251 2208 aut
1273 2143 1436 2225 ἐφορμᾶται
1454 2151 1625 2227 γαμεῖσθαι,

353 2253 627 2329 quemadmodum
658 2254 872 2315 Athenienses
900 2252 1084 2326 loquuntur.
1110 2250 1160 2312 nd
1187 2265 1247 2312 nos
1272 2266 1346 2312 vero
1368 2251 1515 2327 pervenit
1537 2247 1625 2330 ἐφορ-

352 2365 452 2434 μᾶται,
470 2355 558 2431 λριιΙιι
585 2359 728 2418 metrum
758 2356 791 2416 id
821 2355 955 2430 terebat,
978 2355 1139 2433 γαμεῖσθαι
1163 2368 1239 2415 vero
1262 2353 1436 2427 quominus
1460 2355 1623 2430 irreperet,

353 2459 440 2518 certe
481 2459 654 2532 quominus
693 2458 733 2519 ad
776 2471 836 2518 nos
870 2457 1110 2532 propagaretur,
1146 2455 1296 2516 obstabat
1327 2456 1493 2530 quantitas
1527 2455 1620 2530 sylla·

354 2560 468 2621 barum
491 2553 528 2640 ¹).

399 2762 461 2825 Sed
491 2763 589 2825 multi
618 2767 695 2824 sunt
725 2778 839 2824 versus
870 2763 961 2839 epici,
993 2777 1129 2837 quorum
1162 2776 1314 2823 numeros
1337 2760 1459 2822 formae
1482 2762 1621 2823 contrac-

297 2879 301 2887 ·
354 2869 408 2928 tae
436 2867 545 2940 aperte
578 2864 752 2941 violabant,
773 2865 925 2939 quonlam
948 2863 1075 2940 syllaba
1099 2880 1163 2925 una
1182 2866 1371 2926 hexametro
1391 2879 1476 2926 nunc
1502 2865 1621 2926 deerat.

354 2967 424 3028 Hae
446 2966 578 3028 tolerari
599 2981 662 3027 non
686 2967 859 3040 potuerunt
882 2969 1054 3042 postquam
1082 2967 1260 3028 Homerum
1285 2982 1362 3028 assa
1387 2983 1463 3027 voce
1488 2967 1624 3028 recitare

354 3066 404 3129 vel
435 3067 541 3140 legere
569 3067 742 3142 coeperunt
772 3065 895 3143 Graeci,
927 3069 1036 3142 ltaque
1068 3067 1206 3128 diversis
1241 3069 1422 3142 partimque
1457 3066 1624 3128 mirificen-

353 3168 492 3228 tissimis
514 3167 667 3228 remediis
690 3181 787 3226 ruens
811 3170 954 3229 metrum
980 3169 1096 3230 talium
1122 3184 1276 3230 versuum
1297 3169 1410 3230 fulcire
1430 3169 1624 3228 studuerunt

353 3269 501 3330 homines
531 3267 676 3344 litterati,
707 3268 740 3328 ln
772 3282 909 3343 quorum
945 3284 1062 3330 manus
1094 3272 1204 3330 textus
1234 3270 1436 3332 adulteratus
1466 3269 1622 3344 pervenit.

353 3369 504 3447 Quallum
534 3371 748 3432 remediorum
785 3371 931 3431 omnium
965 3386 1044 3434 sane
1075 3371 1357 3447 simplicissimum
1387 3373 1468 3447 erat,
1499 3373 1536 3432 ut
1566 3386 1623 3446 pro

352 3473 448 3546 longa
470 3472 641 3534 haberetur
665 3471 792 3547 syllaba
814 3474 922 3534 brevis
944 3489 1026 3548 quae
1050 3475 1254 3550 praecederet
1273 3475 1434 3550 syllabam
1455 3489 1622 3550 perperam

352 3575 569 3650 contractam
606 3589 665 3636 nec
700 3589 771 3635 raro
813 3575 949 3636 lectores
988 3575 1065 3638 illuc
1099 3577 1249 3652 pellicere
1283 3577 1394 3638 debuit
1426 3577 1623 3651 ambiguitas

352 3676 501 3736 vetustae
524 3676 736 3736 litteraturae.
758 3675 841 3736 Hinc
861 3678 938 3737 sunt
959 3679 1037 3738 nata
1056 3676 1121 3738 εἰῶ
1144 3676 1288 3756 εἰῶμεν
1311 3672 1459 3759 εἰῶσι’)
1484 3693 1541 3753 μισ
1563 3675 1621 3737 ἐῶσι

352 3771 465 3852 ἐάσομεν
488 3773 590 3834 &aanor
616 3777 650 3840 et
671 3783 849 3835 πωτῶντο
872 3775 1029 3856 τρώχων
1051 3785 1267 3857 στρωφῶσα
1299 3785 1489 3857 τρωπῶσα
1515 3771 1540 3858 ³)
1564 3793 1620 3853 pro

347 3871 504 3938 ’ποτέοντο
524 3871 660 3956 ’τρόγαον
682 3874 873 3956 στροφάοοσα
896 3877 1066 3957 τροπῶοοσα
1091 3871 1146 3960 (ci.
1178 3879 1290 3940 Nauck
1313 3879 1385 3942 llel.
1412 3894 1552 3954 garum.
1576 3879 1620 3939 IV

351 3995 380 4054 p.
405 3977 492 4055 886),
524 3977 798 4052 quemadmodum
830 3976 863 4038 ln
893 3980 1062 4041 nominum
1093 3979 1267 4042 flexionem
1290 3980 1414 4043 formae
1436 3980 1569 4043 msanae
1592 3975 1619 4062 ⁴)
1691 3989 1694 3994 '

350 4083 385 4144 at
417 4081 537 4143 dudum
574 4079 747 4142 damnatae
790 4077 887 4152 δείους
930 4080 1050 4154 σπείους
1085 4089 1157 4162 σπῆι
1192 4081 1315 4161 σπήεσσι
1348 4091 1454 4165 κρειῶν
1488 4079 1620 4144 ὠτώεντα

361 4231 547 4244 ...-..--

383 4321 404 4390 ¹)
420 4325 570 4384 Dignlulrnl
592 4325 721 4385 qnilnter
741 4327 950 4375 aemularentur
975 4332 1036 4376 sunl
1054 4343 1142 4378 versos
1162 4334 1184 4376 A
1204 4333 1250 4378 14⁰
1270 4335 1352 4379 ιιιίιιιιο
1373 4333 1397 4378 l·
1418 4333 1493 4398 Ιρριιι
1519 4329 1576 4392 σῶμα
1595 4337 1620 4380 el

349 4411 370 4454 1³
386 4407 417 4454 dd
435 4409 544 4464 ιιιιμιτοι·
560 4407 619 4470 Ιρριι
638 4404 663 4452 δ’
683 4399 748 4462 alpe.
767 4402 842 4454 Pria·
859 4407 966 4456 verbnm
992 4409 1049 4456 lulli
1075 4413 1137 4458 runt
1162 4423 1251 4459 verane
1273 4413 1381 4470 numeri,
1407 4411 1535 4473 posterius
1560 4426 1619 4460 oon·

348 4489 480 4534 stererant
496 4486 660 4533 recentiores.

379 4563 401 4628 ¹)
419 4567 457 4612 ι1ῶ
473 4569 495 4612 Δ
515 4565 555 4626 dt,
579 4565 661 4622 ιίῶμη
678 4579 693 4610 σ
709 4565 759 4612 llo
776 4583 795 4627 φ
813 4567 870 4627 000,
889 4569 951 4616 εἰῶσι
969 4573 991 4616 Β
1010 4569 1057 4617 ian
1076 4573 1099 4616 A
1118 4571 1166 4618 000
1185 4575 1207 4618 P
1222 4571 1271 4619 000
1290 4577 1312 4617 l'
1332 4573 1388 4619 iila.

379 4639 527 4708 Ι)ιτοιτῶστσ
554 4645 586 4690 Μ
610 4642 668 4700 aul,
692 4647 790 4708 τρόχιν
815 4647 829 4700 ζ
849 4647 905 4702 010,
929 4655 1060 4712 στρωφῶσα
1083 4666 1097 4713 ρ
1120 4649 1161 4711 00,
1183 4665 1217 4696 -σι
1241 4667 1254 4710 ιγ
1273 4651 1329 4712 100,
1352 4660 1467 4717 τρωπῶσα
1485 4667 1498 4698 τ
1517 4653 1564 4700 001
1584 4669 1619 4700 -σι

348 4727 363 4769 1
379 4723 436 4770 000.

380 4796 402 4865 ⁴)
419 4800 475 4848 vid.
492 4799 508 4860 3
525 4801 540 4849 'l
559 4814 617 4862 pag.
636 4799 668 4846 ῶῶ
685 4812 724 4859 aq.
744 4802 771 4846 st
786 4798 802 4859 3
820 4800 850 4848 'li
869 4815 908 4862 aq.
