3848 5688
947 608 1023 650 bxiv

390 781 528 841 Gravius
565 794 607 840 ne
646 779 901 840 determinentur
933 780 1077 840 carmina
1107 781 1207 855 epica,
1238 780 1365 839 obstitit
1398 779 1519 856 religio,
1550 795 1614 853 qua

345 881 590 954 antiquissimos
620 880 679 940 hos
710 880 816 940 foetus
846 881 965 953 ingenii
998 880 1108 940 Graeci
1133 881 1238 954 magis
1262 880 1430 953 magisque
1453 881 1613 955 prosecuti

346 983 423 1042 sunt
457 981 594 1057 postera
628 982 709 1041 haec
738 981 827 1042 enim
857 981 1018 1055 prohibuit
1053 981 1226 1054 quominus
1257 983 1379 1042 temere
1410 984 1613 1042 mutarentur

346 1097 428 1157 quae
457 1083 491 1143 in
521 1082 587 1142 illis
616 1083 764 1157 operibus
794 1083 915 1143 tradita
945 1084 1096 1142 omnibus
1128 1083 1354 1144 innotuissent.
1387 1082 1509 1144 Eadem
1539 1099 1612 1143 vero

344 1184 456 1258 religio
486 1183 593 1244 effecit
623 1186 660 1243 ut
690 1185 777 1244 recte
808 1185 908 1259 accipi
931 1187 965 1244 et
988 1199 1048 1244 suo
1072 1185 1174 1259 pretio
1198 1185 1366 1246 aestimari
1389 1185 1446 1244 vix
1469 1188 1611 1259 possent.

346 1284 586 1359 Quaerebantur
608 1284 641 1344 in
664 1285 706 1344 lis
729 1299 811 1357 quae
842 1300 905 1345 non
928 1284 1083 1362 inessent,
1108 1285 1242 1346 consilia
1265 1284 1488 1345 tribuebantur
1509 1287 1613 1360 poetis

343 1400 426 1459 quae
457 1399 477 1444 a
504 1385 612 1459 poesis
641 1383 747 1444 indole
770 1400 869 1458 quam
893 1386 1037 1446 maxime
1061 1389 1139 1446 sunt
1161 1387 1276 1446 aliena.
1303 1386 1487 1458 Polybistor
1510 1387 1610 1446 luisse

345 1487 513 1548 videbatur
535 1486 707 1561 Homerus,
735 1487 827 1546 cuius
846 1500 942 1560 opera
962 1487 1132 1547 thesauros
1152 1487 1320 1546 abstrusae
1349 1487 1505 1546 scientiae
1524 1501 1609 1560 prae-

343 1587 456 1648 berent
488 1585 683 1660 legentibus3
719 1601 823 1659 neque
856 1586 888 1645 id
922 1588 1051 1646 tantum
1087 1587 1235 1648 veritalis
1268 1588 1375 1648 inesse
1411 1588 1608 1660 credebatur,

342 1690 426 1764 quod
456 1689 489 1750 in
520 1688 679 1762 genuinae
708 1688 789 1748 artis
820 1687 959 1748 foetibus
995 1702 1160 1761 nunquam
1193 1689 1314 1750 frustra
1344 1689 1518 1765 quaeritur,
1555 1689 1610 1748 sed

342 1805 552 1865 quaecunque
581 1792 747 1849 narrasset
770 1804 883 1849 revera
907 1789 953 1848 lta
976 1790 1131 1850 eccidisse
1161 1792 1318 1864 putabant
1341 1791 1478 1864 posteri,
1504 1806 1610 1851 rerurn

342 1892 421 1952 olim
451 1892 618 1965 gestarum
648 1888 835 1949 accuratam
867 1904 908 1949 ex
940 1905 977 1949 eo
1009 1891 1160 1950 notitiam
1192 1891 1313 1951 hauriri
1340 1905 1445 1965 posse,
1469 1890 1612 1950 locorum

342 1991 383 2052 ab
424 2007 462 2052 eo
503 1989 736 2064 descriptorum
777 2003 850 2049 eam
893 1989 997 2063 ipsam
1039 2005 1138 2063 quam
1176 1990 1339 2051 Homerus
1372 1991 1413 2050 iis
1447 1989 1614 2050 tribuisset

343 2092 444 2153 tuisse
482 2091 634 2167 speciem,
677 2091 824 2166 tempora
865 2105 1035 2152 mensuras
1078 2093 1211 2153 nomina
1244 2095 1327 2168 apud
1364 2108 1439 2154 eum
1475 2108 1611 2154 comme-

344 2197 470 2257 morata
510 2193 572 2255 lide
612 2193 744 2256 omnino
782 2193 879 2270 digna
913 2210 985 2256 osse
1028 2197 1062 2256 et
1096 2196 1183 2271 ipsas
1219 2212 1271 2257 ros
1306 2195 1432 2257 divinus
1466 2212 1506 2256 ox
1542 2195 1610 2257 eius

342 2298 539 2359 carminibus
569 2297 662 2383 plene
694 2298 728 2358 et
755 2297 855 2359 veluti
879 2299 918 2358 ad
943 2299 1103 2359 amussim
1128 2300 1274 2373 cognosci
1299 2313 1404 2374 posse,
1429 2299 1611 2358 communis

342 2401 489 2462 omnium
512 2399 579 2461 iero
602 2402 672 2462 erat
694 2400 817 2477 opinio;
842 2402 876 2463 st
898 2401 1050 2474 quoniam
1075 2402 1199 2476 primus
1222 2402 1401 2463 iuventutis
1426 2405 1611 2476 praeceptor·

342 2503 412 2563 erat
442 2501 615 2578 Homerus,
646 2501 782 2564 libenter
813 2503 874 2562 sibi
902 2503 1138 2577 persuadebant
1159 2504 1286 2565 nulium
1310 2504 1393 2577 quod
1416 2518 1480 2562 non
1503 2504 1537 2563 et
1560 2503 1608 2562 bo·

342 2617 423 2664 num
458 2604 492 2665 et
524 2617 637 2665 verum
673 2605 761 2662 esset
791 2606 998 2677 praeceptum
1029 2604 1069 2664 ab
1101 2619 1139 2664 eo
1169 2605 1280 2665 datum
1306 2619 1388 2664 esse.
1415 2604 1528 2676 ltaque
1553 2604 1611 2663 viri

341 2719 423 2779 quos
464 2704 611 2765 nominat
652 2703 728 2776 quin
764 2704 961 2780 extitissent,
996 2704 1065 2765 loca
1100 2721 1182 2778 qnae
1216 2705 1369 2766 describit
1400 2704 1477 2776 quin
1513 2705 1611 2778 digito

341 2806 529 2867 etiamnunc
549 2806 723 2866 monstrari
742 2809 885 2882 possent,
909 2821 949 2866 ne
973 2806 1106 2866 dubium
1130 2807 1258 2880 quidem
1285 2806 1469 2880 videbatur;
1495 2807 1611 2866 Phaea-

342 2922 396 2968 ces
428 2907 461 2968 in
491 2905 628 2980 Corcyra
652 2903 683 2982 ¹),
716 2904 870 2982 cyclopes
900 2907 932 2966 in
957 2907 1065 2968 Sicilia
1084 2903 1105 2978 ²)
1130 2908 1256 2982 degisse
1283 2910 1494 2970 credebantur
1521 2908 1610 2969 etin

343 3007 460 3068 vlclnla
482 3007 589 3080 Scylla
616 3005 792 3080 Charybdis
823 3007 930 3068 Circes
960 3009 1067 3068 insula
1087 3010 1323 3080 quaerebantur
1343 3011 1385 3083 et,
1409 3025 1492 3082 quae
1511 3008 1610 3068 homi·

341 3122 420 3169 num
449 3110 500 3169 est
529 3109 713 3184 credulitas,
744 3109 991 3169 inveniebantur
1012 3113 1044 3176 ²).
1076 3107 1128 3168 Sic
1158 3110 1282 3186 Strabo,
1314 3111 1364 3169 cui
1396 3124 1499 3181 neque
1526 3110 1609 3181 inge·

339 3209 431 3268 nium
462 3207 603 3282 proiecto
632 3208 743 3268 deerat
773 3223 876 3281 noque
908 3207 1044 3268 eruditio
1070 3209 1257 3269 studiumve
1282 3211 1359 3284 veri,
1384 3209 1536 3270 Graeciae
1559 3209 1609 3268 de·

339 3308 547 3383 scriptionem
588 3309 826 3383 compositurus
874 3307 937 3379 (iib.
974 3307 1134 3380 VIII-X)
1177 3311 1217 3369 ab
1253 3311 1393 3370 Homero
1432 3309 1608 3370 identidem

339 3411 469 3472 initium
498 3411 574 3472 lecit
597 3413 631 3472 et
653 3425 690 3471 eo
713 3425 783 3471 rem
805 3411 957 3486 perduxit
980 3413 1017 3470 ut
1039 3410 1178 3470 Navium
1203 3412 1394 3486 praesertim
1419 3410 1607 3486 catalogum

339 3513 582 3574 commentariis
604 3511 786 3572 illustrasse
809 3513 912 3587 possit
941 3512 1013 3573 dici.
1046 3511 1175 3574 Scilicet
1198 3513 1361 3574 Homerus
1385 3516 1488 3575 artem
1513 3529 1606 3574 suam

338 3615 372 3674 ln
403 3613 590 3683 versibusi
618 3613 682 3672 232
714 3627 783 3684 sqq.
815 3613 960 3686 pinxisse
991 3614 1025 3671 et
1047 3613 1076 3672 el
1100 3617 1123 3683 *i
1150 3614 1184 3674 et
1205 3613 1279 3673 aliis
1305 3615 1481 3689 videbatur,
1506 3617 1539 3673 et
1561 3630 1606 3673 re·

338 3714 501 3774 conditam
536 3727 631 3773 suam
665 3712 837 3772 scientiam
867 3710 952 3771 dulci
985 3712 1167 3773 narratione
1201 3713 1371 3773 inclusisse
1408 3729 1470 3786 quo
1501 3714 1606 3784 magis

338 3815 471 3889 accepto
493 3814 581 3874 esset
603 3812 799 3887 hominibus,

558 3909 599 3987 ὡς
622 3911 668 3975 ὅτε
689 3935 733 3986 τις
755 3911 866 3993 χρυσὸν
888 3912 1067 3993 περιχεύεται
1091 3909 1210 3999 ἀργύρῳ
1232 3910 1308 3994 ἀνὴρ

556 4015 667 4097 fidere,
685 4009 722 4076 ὃν
735 4011 903 4093 Ἥφαιστος
923 4009 1041 4077 ’δέδαεν
1063 4013 1113 4077 κα)
1137 4014 1256 4091 Παλλὰς
1281 4017 1392 4098 Ἀθήνη

557 4116 662 4200 τέχνην
683 4118 839 4199 παντοίην,
860 4119 995 4202 χαρίεντα
1019 4116 1052 4181 di
1073 4117 1167 4201 fipya
1190 4119 1296 4182 τελείει.

340 4223 534 4234 .----

371 4277 390 4343 ¹)
407 4281 462 4330 lion
480 4281 617 4328 oblocutus
635 4282 675 4328 est
692 4279 858 4338 Thucydides
874 4280 887 4327 1
905 4281 936 4328 11
958 4280 996 4326 111
1017 4282 1056 4327 io.

368 4355 390 4424 1)
406 4361 487 4408 'ferra
508 4361 629 4420 deinces,
651 4359 755 4419 perant·
778 4357 919 4420 abundans,
942 4359 1054 4418 pastoris
1074 4359 1224 4418 Polyphemi
1243 4359 1330 4405 babitu
1348 4361 1388 4404 eet
1404 4359 1535 4417 patrinos
1552 4369 1603 4416 qno

335 4439 421 4486 sicilie
446 4438 552 4486 Graecis
575 4437 744 4485 orientalibus
769 4437 863 4484 mellus
886 4437 1004 4484 innotuit
1030 4437 1115 4484 Etiam
1138 4438 1276 4497 'lyplroeun
1297 4449 1354 4482 curn
1378 4437 1474 4483 colonis
1498 4436 1603 4482 Graecis

334 4517 396 4564 illuc
413 4530 429 4564 ο
446 4515 535 4564 (illisis
552 4516 680 4578 migravit,
698 4515 748 4563 rid.
767 4513 839 4563 Plnd.
858 4515 932 4575 Pyth.
951 4515 963 4562 1
982 4516 1012 4562 lc
1029 4529 1096 4575 sqq„
1113 4515 1204 4562 dasch.
1222 4516 1306 4562 Proin.
1326 4517 1372 4561 851
1392 4529 1448 4574 sqq.

366 4591 389 4661 ι)
405 4596 476 4642 Bene
500 4595 533 4644 de
550 4595 599 4642 heo
615 4609 644 4642 re
662 4594 810 4643 indicarunt
827 4592 933 4642 Vblclrer
951 4594 1020 4654 apud
1037 4595 1196 4641 liitzseirium
1218 4593 1414 4652 Aninerlrnngon
1432 4608 1464 4640 an
1485 4590 1603 4640 llomer's

334 4673 447 4734 Odyssea
462 4673 503 4720 111
521 4687 546 4735 p.
563 4685 591 4720 ιι
607 4687 646 4732 sq.
664 4675 691 4720 ot
706 4674 762 4735 lpse
780 4673 885 4720 liitnscli
904 4673 999 4720 ibidem
1017 4687 1042 4734 p.
1061 4685 1145 4720 mur
1163 4687 1202 4732 sq.

368 4749 390 4814 4)
406 4750 463 4799 vui.
480 4751 563 4799 strab.
582 4749 595 4797 1
611 4765 636 4810 p.
655 4751 695 4798 11.
