3936 5704
353 768 427 838 52]
980 767 1000 826 5

530 953 681 1035 Ἀτρείδης·
704 953 744 1016 τὼ
768 949 799 1016 δ’
825 945 888 1016 αὖτ’
913 952 946 1016 λιι
970 953 1081 1033 δίφρου
1104 951 1318 1034 γουναζέσθην.
1354 957 1386 1014 Λ
1412 955 1484 1015 130.

352 1057 427 1132 Lag.
451 1058 596 1138 Ἀτρεΐδης
620 1059 694 1130 (vid.
719 1061 737 1130 ἓ
762 1060 815 1129 lo)
839 1058 873 1119 et
896 1055 1003 1135 δίφρου
1027 1057 1102 1129 (vid.
1125 1059 1143 1128 5
1168 1059 1230 1127 59).

529 1156 630 1237 ψυχήν
653 1157 820 1242 κικλήσκων
845 1159 1040 1236 Πατροκλῆος
1063 1158 1203 1219 δάειλοῖο.
1352 1159 1386 1216 Ψ
1406 1157 1481 1217 221.

353 1259 426 1331 Leg.
452 1256 652 1336 Πατροκλέους
675 1260 751 1332 (vid.
775 1261 793 1330 5
819 1260 881 1328 73).

528 1357 610 1419 σίτου
632 1356 682 1418 καί
704 1367 811 1436 κρειῶν
834 1352 886 1435 ἠδ’
909 1356 996 1419 οίνου
1019 1356 1187 1437 βεβρίθασι.
1344 1378 1360 1416 ο
1386 1357 1461 1416 334.

352 1459 425 1532 Lag.
449 1459 564 1538 κρεάων
586 1460 661 1530 (vid.
687 1461 705 1530 ς
726 1461 789 1530 72).
803 1460 975 1520 Praeterea
993 1459 1161 1534 praestare
1185 1457 1311 1518 videtur
1330 1455 1412 1517 οίνοο
1431 1457 1460 1526 (5
1478 1457 1541 1531 59),
1565 1455 1621 1515 sed

350 1574 424 1620 oum
448 1559 632 1634 neglectum
655 1560 700 1620 slt
722 1561 755 1638 f,
779 1575 911 1621 uersum
936 1561 994 1621 aut
1013 1561 1146 1635 gravius
1165 1561 1352 1634 corruptum
1369 1559 1428 1618 aut
1447 1555 1623 1618 admodum

351 1663 514 1724 recentem
534 1678 608 1725 esse
630 1664 779 1738 appareo
804 1663 943 1725 sortasse
964 1659 1080 1742 κρεάων
1103 1659 1153 1722 καλ
1176 1659 1283 1722 loiron
1307 1675 1421 1722 verum
1445 1660 1505 1720 est.

526 1761 566 1824 τὼ
591 1758 621 1823 θ’
647 1761 679 1824 ἐν
702 1763 851 1846 Μεσσήνῃ
875 1762 1046 1842 ξυμβλήτην
1068 1760 1227 1841 ἀλλήλοιιν.
1340 1784 1364 1839 φ
1391 1764 1441 1823 15.

351 1863 424 1937 Lag.
459 1862 627 1942 ξυμβλήατο
663 1865 737 1935 (vid.
764 1867 782 1934 ἓ
806 1865 891 1935 258).
923 1865 1094 1926 Praeterea
1125 1864 1368 1939 praeferendum
1399 1863 1538 1923 fortasse
1571 1864 1623 1922 est

351 1961 402 2022 ἐν).
424 1963 483 2024 Est
505 1966 617 2026 autem
641 1964 731 2024 loeus
755 1962 919 2038 Odysseae
943 1979 1016 2025 sero
1038 1964 1190 2025 insertus.

526 2063 627 2142 σειρήν
650 2060 682 2124 δὲ
704 2061 832 2141 πλεκτὴν
855 2062 884 2138 ἐξ
907 2062 1001 2126 αὐτοῦ
1024 2063 1209 2144 πειρήναντε.
1348 2086 1364 2142 χ
1391 2066 1452 2126 175
1466 2087 1498 2109 =
1513 2065 1585 2124 192.

352 2167 426 2243 Lug.
451 2165 543 2228 αὐτόο
568 2167 642 2240 (vid.
666 2169 685 2238 ἓ
708 2167 771 2238 50).

524 2268 615 2347 νῆσός
637 2263 659 2329 τ’
685 2267 796 2348 Αἰγίνη
820 2268 1006 2348 ναυσικλείτη
1028 2262 1050 2329 τ’
1077 2265 1204 2348 Εὔβοια.
1340 2268 1371 2328 11.
1396 2269 1456 2344 Ap.
1481 2269 1534 2329 31.

350 2371 422 2445 leg.
444 2364 577 2451 Ἐτίμων.
602 2373 774 2434 Praeterea
804 2374 881 2433 sunt
913 2373 967 2447 qui
998 2372 1109 2449 -κλετεη
1133 2371 1320 2446 praeierunt
1343 2371 1419 2441 (vid.
1443 2372 1460 2440 5
1486 2371 1526 2440 7).
1550 2367 1621 2428 Non

349 2472 401 2532 est
421 2488 478 2532 cur
505 2474 725 2534 assentiamur
748 2474 905 2535 Gemollio
929 2475 1024 2534 aliter
1046 2474 1085 2534 de
1109 2475 1169 2534 hoo
1192 2489 1289 2534 versu
1309 2487 1407 2546 quam
1429 2473 1467 2532 tle
1488 2470 1621 2544 rsllquis

348 2571 502 2634 iudicanti
537 2574 588 2634 his
625 2575 745 2636 verbis:
781 2577 855 2651 „der
886 2575 1009 2650 einzige
1038 2591 1121 2649 ganz
1152 2574 1362 2649 spondeischo
1394 2572 1475 2633 Vere
1506 2571 1539 2631 in
1565 2571 1621 2630 der·

350 2675 498 2750 episohen
524 2676 734 2737 Litteratur”.

391 2777 437 2839 De
450 2779 636 2840 coniectura
648 2795 781 2840 versum
794 2773 1006 2840 ὁλοοοόνᾱειον
1019 2779 1179 2840 efficiebat
1196 2779 1403 2840 Ptolemaeus
1415 2774 1619 2837 Ascalonita:

524 2878 643 2958 ἀνδρῶν
665 2880 847 2958 λικμώντων,
869 2871 925 2942 εὖτ’
950 2878 989 2941 ἀν
1011 2880 1111 2959 ξανθή
1136 2881 1291 2962 Δημήτηρ,
1337 2883 1365 2940 Ε
1389 2881 1464 2942 500.

348 2996 444 3054 quam
466 2982 638 3043 lectionem
661 2997 724 3043 non
748 2998 821 3042 esse
846 2984 1089 3057 praeferendam
1113 2985 1265 3058 vulgatae
1289 2981 1335 3044 ὅτε
1357 3003 1409 3042 κεν
1434 2977 1534 3056 ξανθή
1558 2982 1621 3055 Δη-

349 3080 443 3158 μήτηρ
463 3097 538 3141 oum
560 3083 702 3142 metrum
715 3082 809 3142 docet
821 3084 892 3143 tum
904 3085 1064 3157 particula
1074 3081 1112 3142 άν
1125 3100 1239 3158 parum
1253 3083 1426 3144 Homerica
1438 3082 1488 3153 (oi.
1502 3080 1520 3149 i
1533 3081 1619 3149 326).

394 3181 710 3242 contrahentium
736 3181 912 3243 (ihrlstium
937 3184 1029 3260 alios,
1054 3183 1108 3257 qui
1130 3185 1339 3245 hexametros
1356 3180 1620 3254 dodecasyllabos

348 3282 389 3342 ab
413 3283 545 3344 Homeri
568 3285 637 3344 arte
661 3282 894 3362 abiudicarunt,
920 3285 1066 3361 disputat
1090 3287 1241 3347 Ludwioh
1268 3286 1367 3346 Arist.
1385 3286 1416 3346 11
1428 3299 1457 3360 ρ.
1472 3285 1535 3346 314
1550 3297 1619 3356 sqq.

394 3462 454 3522 Pes
476 3462 675 3538 penultimus
699 3463 731 3524 iu
758 3463 938 3524 Homericis
962 3465 1046 3525 haud
1069 3465 1287 3540 infrequenter
1306 3467 1355 3537 (1;
1384 3465 1434 3535 18)
1456 3464 1507 3524 est
1528 3477 1619 3536 spon·

348 3565 445 3638 deus;
478 3564 540 3624 vid.
566 3563 673 3624 Christ
703 3561 831 3625 Metrik²
855 3566 874 3634 ἓ
898 3567 963 3624 200
988 3567 1021 3627 et
1045 3567 1194 3642 inprimis
1221 3567 1373 3628 Ludwioh
1398 3566 1437 3626 de
1460 3564 1619 3624 Hexume·

318 3654 409 3726 'tris
441 3666 623 3741 spondiaois
661 3667 694 3726 et
728 3666 905 3727 Aristaruh.
941 3668 972 3728 11
1007 3683 1037 3742 p.
1074 3669 1136 3729 301
1173 3684 1242 3742 sqq.
1269 3701 1308 3710 -
1339 3665 1398 3728 Rei
1428 3664 1620 3727 notissimae

348 3767 499 3842 exempla
522 3768 573 3832 hio
596 3769 711 3830 afferro
735 3767 859 3830 inutile.

393 3869 543 3931 Duriores
577 3871 688 3932 autom
718 3872 796 3931 sunt
833 3887 947 3932 vorsus
982 3871 1145 3948 spondiaoi
1180 3871 1234 3946 qui
1266 3871 1364 3934 etiam
1400 3873 1513 3947 quarto
1550 3869 1620 3931 loeo

349 3972 527 4048 spondeum
564 3973 691 4035 hubent.
728 3976 931 4050 Quamquam
968 3991 1008 4038 ne
1039 3975 1226 4038 huiusmodi
1258 3977 1387 4051 quidem
1412 3974 1621 4036 hexametros

348 4075 481 4138 omnino
503 4078 695 4151 spreverunt
718 4079 846 4138 ueteres
873 4079 1004 4155 poetam
1029 4095 1056 4140 e.
1080 4095 1129 4154 με

436 4187 495 4240 τῶν
517 4173 572 4256 μὲν
594 4171 638 4258 ἀρ’
668 4177 850 4259 Ἀμφίμαχος
874 4178 924 4240 καί
949 4179 1070 4259 Νάστης
1092 4175 1281 4262 ήγησάσθην.
1306 4183 1330 4240 Β
1354 4181 1429 4240 870.

437 4277 504 4341 οὔτε
526 4273 588 4341 ποτ’
613 4277 643 4353 λς
666 4279 796 4358 πόλεμον
816 4280 877 4360 ἀμα
902 4286 963 4367 λαῷ
989 4287 1199 4363 θωρηχθῆναι.
1302 4287 1330 4342 Α
1354 4285 1428 4344 226.

439 4381 588 4461 δάμνασαι
612 4379 786 4456 ἀθανάτους
810 4379 864 4462 ήδὲ
884 4383 1017 4462 θνητοὺς
1041 4381 1224 4464 ἀνθρώπους
1239 4385 1270 4456 Ι).
1298 4379 1326 4450 Ξ
1347 4385 1419 4446 109.

386 4543 450 4602 ¹)1n
475 4545 524 4592 λκιο
549 4544 731 4604 similibusque
758 4545 876 4592 lormnlin
902 4545 1049 4606 suspicetur
1076 4546 1184 4594 tortasse
1216 4545 1344 4606 quispiam
1372 4544 1515 4604 antiquitus
1540 4544 1619 4592 inleso

347 4624 453 4686 με’ροαας
475 4625 623 4690 tropeum.
640 4627 747 4689 μερόπων
764 4626 904 4688 ανθρώπων,
923 4625 957 4672 ei.
976 4627 1002 4672 A
1020 4625 1069 4671 250
1087 4627 1150 4682 eto.;
1168 4637 1220 4684 quo
1237 4625 1387 4685 praesertim
1409 4624 1508 4672 videtur
1525 4623 1620 4671 ducere

348 4701 468 4756 leotlonie
484 4703 595 4751 varietas
611 4703 638 4750 in
662 4716 738 4751 versu
756 4703 886 4750 Hesiodeo
902 4704 977 4764 Oper.
997 4705 1044 4751 199
1061 4703 1095 4751 de
1113 4703 1295 4752 daemonibus:

646 4783 738 4842 ίσθλολ,
756 4783 900 4841 λπιχθίνιοι,
917 4784 1016 4842 φύλακες
1034 4787 1156 4842 θνητῶν
1172 4783 1312 4846 ἀνθρώπων,

349 4858 396 4920 qul
412 4859 484 4907 luens
501 4859 570 4921 apud
588 4860 721 4907 Platonem
740 4861 802 4919 liep.
821 4861 886 4906 λάθα
904 4860 940 4906 ita
956 4859 1074 4906 affertur:

647 4939 736 4995 λαθλοΙ,
753 4935 891 4994 ἀλεξίκακοι,
908 4941 1007 5002 φύλακος
1022 4941 1166 5008 μειράκων
1183 4940 1322 5006 ἀνθρώπων.
