4272 5792
1067 687 1139 732 xxii

476 880 589 928 amnes
624 864 692 926 loea
725 881 803 926 aves
838 865 985 924 nominee
1017 863 1140 924 dnobus
1173 862 1357 924 nominibus
1391 863 1564 938 nuncupat,
1598 875 1735 934 «quorum

475 968 612 1029 alterum
645 967 830 1029 mortalium
858 966 997 1027 alterurn
1028 965 1161 1027 deorum
1193 965 1320 1040 linguae
1352 966 1514 1041 proprium
1545 980 1618 1026 esse
1640 963 1733 1036 diclt;

476 1071 539 1132 eid.
573 1071 689 1130 Aloe
721 1071 745 1128 Β
768 1069 831 1129 818
863 1065 971 1132 baal
1008 1069 1036 1125 Τ
1056 1068 1114 1142 74;
1142 1068 1241 1128 etlam
1272 1069 1403 1128 nomina
1425 1067 1562 1142 duplicia
1587 1066 1735 1126 Scaman-

475 1171 755 1244 dnus-astyanax,
786 1169 1070 1230 Parle·Alexander
1099 1169 1162 1228 buo
1192 1168 1366 1229 relerenda.
1396 1168 1480 1228 Nam
1512 1167 1645 1228 deorum
1669 1166 1737 1225 slve

477 1285 645 1331 musarum
668 1269 777 1342 lingua
799 1285 838 1330 ea
860 1271 911 1329 est
933 1283 996 1342 qua
1019 1269 1087 1342 lpse
1108 1271 1200 1328 vates
1219 1273 1240 1337 ι1
1261 1269 1393 1341 eiusque
1413 1269 1565 1342 aequales
1584 1269 1736 1340 utuntur;

476 1386 559 1446 quae
593 1385 668 1430 vero
701 1385 742 1430 ex
776 1369 944 1429 bominum
975 1368 1085 1441 lingua
1115 1368 1178 1429 illis
1209 1369 1288 1429 loeis
1317 1369 1505 1444 afferuntur,
1537 1383 1632 1428 oasca
1661 1368 1739 1426 sunt

476 1471 607 1533 nomina
631 1486 648 1531 e
672 1469 906 1530 vetustissimis
929 1469 1125 1530 carminibus
1147 1469 1284 1543 repetita
1303 1467 1335 1538 ²).

520 1572 544 1632 ll
568 1572 713 1646 materie,
735 1585 819 1643 qnae
840 1570 887 1630 lta
908 1573 1097 1631 coacervata
1120 1571 1153 1630 et
1175 1569 1339 1631 elaborata
1358 1571 1473 1646 luerat,
1495 1572 1587 1631 vates
1605 1569 1737 1643 quidam

475 1674 633 1748 egregius,
654 1673 706 1733 oul
727 1671 867 1732 Homero
889 1685 1005 1731 nomen
1025 1670 1084 1730 luit
1105 1674 1162 1731 aut
1181 1685 1201 1730 a
1220 1672 1357 1745 posteris
1376 1673 1489 1732 datum
1505 1673 1565 1746 est,
1578 1670 1738 1730 desumsit

476 1777 704 1848 argumentum
739 1773 892 1832 carminis
926 1770 1089 1844 eliquanto
1126 1771 1257 1831 maioris
1288 1773 1440 1833 ambitus,
1480 1771 1606 1831 Achillia
1642 1771 1737 1845 irem,

475 1882 566 1951 μῆνιν
589 1875 716 1951 Ἀχι1ῆος
739 1888 775 1933 se
798 1873 1004 1932 cantaturum
1028 1872 1059 1931 in
1079 1872 1148 1945 ipso
1166 1872 1270 1947 operis
1290 1873 1422 1933 introitu
1442 1872 1619 1947 profitetur.
1641 1870 1739 1931 Culus

475 1974 629 2034 oannlnls
659 1973 739 2034 liaeo
770 1972 836 2032 lere
868 1987 1000 2033 summa
1030 1971 1107 2032 iult:
1140 1973 1363 2045 Agamemnon
1391 1973 1585 2034 Graecorum
1609 1972 1739 2033 Troiam

475 2075 729 2151 oppugnantium
760 2074 825 2134 dux
857 2077 1027 2150 postquam
1058 2074 1229 2134 insolentia
1259 2089 1319 2134 sua
1349 2075 1456 2136 effecit
1487 2076 1523 2134 ut
1552 2077 1677 2149 pestem
1706 2073 1739 2132 ln

475 2177 583 2252 coplas
613 2177 806 2238 immitteret
833 2175 954 2251 Apollo,
978 2176 1108 2250 insuper
1130 2175 1255 2236 rixatur
1277 2191 1351 2236 eum
1377 2176 1500 2236 Acbille
1524 2176 1657 2237 bereum
1681 2175 1739 2234 ior·

475 2280 603 2341 tissime
623 2281 657 2340 et
675 2279 870 2354 gravissima
889 2293 964 2339 enm
983 2277 1179 2338 contumelia
1197 2275 1305 2338 aillolt.
1335 2278 1503 2338 Iracundia
1525 2277 1740 2339 effervescens

475 2382 618 2442 nobiliss
640 2397 660 2442 a
683 2381 765 2442 bello
788 2381 1012 2442 abstenturum
1037 2394 1073 2440 se
1100 2381 1187 2440 iurat
1208 2379 1307 2440 donee
1330 2380 1391 2440 sibi
1414 2378 1564 2454 satisfiat,
1584 2382 1618 2440 et
1637 2380 1742 2439 mater

475 2483 546 2544 eius
586 2483 698 2544 'Pbetle
741 2483 850 2543 lovem
886 2481 1053 2558 permovet
1085 2479 1236 2541 iniuriam
1271 2479 1336 2541 illio
1371 2495 1431 2541 suo
1465 2481 1581 2542 dilecto
1615 2480 1740 2541 illatam

475 2584 639 2660 splendide
659 2584 780 2646 ulcisci.
803 2583 891 2660 Quod
911 2585 948 2642 ut
966 2581 1024 2644 ilat
1043 2583 1184 2658 luppiter
1202 2583 1480 2658 Agamemnonem
1496 2583 1603 2644 fallaci
1615 2581 1742 2642 somnio

475 2688 611 2763 instigat
641 2689 678 2748 ut
709 2687 820 2748 urbem
852 2686 981 2747 'Prolem
1012 2685 1066 2746 dln
1097 2685 1164 2745 lam
1187 2685 1354 2746 obsessam
1378 2701 1510 2747 summa
1533 2686 1651 2747 virium
1671 2699 1741 2746 eon·

475 2791 618 2851 tentione
651 2793 757 2865 petet;
791 2789 942 2863 quoniam
973 2790 1084 2848 autem
1116 2786 1257 2848 Achilles
1290 2789 1423 2862 eiusque
1447 2789 1568 2849 milltes
1593 2803 1613 2848 a
1636 2803 1743 2863 pugne

474 2892 648 2966 abstinent,
685 2891 797 2952 Graeol
832 2890 979 2950 bostibue
1013 2889 1274 2964 imperassent,
1309 2892 1343 2950 et
1377 2895 1547 2964 postquam
1583 2879 1743 2951 vulnerati

474 2995 552 3052 sunt
571 2991 670 3051 duces
688 2991 913 3064 Agamemnon
932 2989 1103 3049 Diomedes
1125 2988 1248 3064 Ulixes,
1268 2990 1301 3050 in
1321 2991 1429 3050 eastra
1447 3005 1508 3050 sua
1527 2990 1741 3066 repelluntur;

474 3091 621 3152 omnlum
652 3090 789 3151 ultimus
821 3089 854 3149 ln
885 3089 1026 3149 statione
1056 3091 1167 3149 manet
1189 3089 1282 3164 Aiax,
1307 3090 1365 3149 sed
1389 3090 1441 3151 blo
1463 3104 1589 3162 quoque
1612 3089 1743 3150 tandem

475 3191 586 3252 cedere
616 3190 742 3263 oogltur
772 3191 804 3250 et
836 3188 956 3250 Heetor
988 3187 1181 3251 Graecorum
1214 3203 1315 3249 naves
1346 3189 1419 3266 lgne
1442 3189 1594 3252 adoritur.
1620 3189 1657 3250 In
1681 3203 1744 3262 quo

478 3365 669 3374 --....--——--·

474 3487 609 3546 quisquam
633 3488 725 3546 opinor
748 3486 860 3541 debltam
886 3487 973 3546 ltaque
995 3486 1021 3533 lu
1040 3487 1071 3533 lle
1089 3499 1156 3546 qnae
1174 3486 1247 3533 urbis
1263 3487 1478 3546 expuguationem
1496 3485 1653 3534 autemduut
1671 3499 1744 3533 enar·

474 3564 561 3613 randis
586 3564 703 3613 adbiberi
729 3579 778 3613 non
805 3567 890 3626 potuit
915 3566 964 3612 nial
986 3565 1030 3611 dlu
1057 3568 1192 3626 postqum
1216 3567 1276 3612 nate
1300 3569 1340 3613 est
1362 3565 1447 3624 poesis
1473 3565 1547 3625 epioe
1569 3569 1595 3612 ei
1612 3565 1693 3624 mytbi
1712 3565 1744 3612 ad

474 3643 569 3691 bellurn
590 3645 727 3691 Touleoum
745 3648 893 3704 apostante·
911 3643 1006 3690 exeulti
1024 3647 1093 3691 sunt.

507 3721 654 3770 imitatores
677 3736 709 3770 ex
734 3725 808 3784 eploa
830 3721 902 3783 poesi
925 3721 958 3768 ed
980 3735 1124 3769 sermonem
1148 3721 1294 3780 pedestrem
1313 3722 1427 3781 epitheta
1445 3722 1629 3769 bauslerentes
1646 3721 1743 3782 optimo

474 3796 530 3847 lure
551 3799 609 3849 titii
631 3801 782 3850 brutoteles
805 3801 932 3850 libatorio.
957 3799 996 3847 111
1014 3801 1041 3848 8:
1066 3801 1095 3847 τὰ
1113 3801 1138 3846 ti
1160 3801 1244 3864 puppi
1260 3804 1284 3848 ir
1300 3800 1406 3865 πὶηαρσι
1426 3805 1525 3860 rigemur
1543 3801 1602 3846 rard
1621 3801 1662 3860 τὴν
1678 3799 1744 3854 liar·

474 3881 498 3927 iv
520 3897 544 3928 er
569 3887 617 3936 nole
639 3883 727 3936 διπλοῖς
750 3881 868 3940 ὀνόμασιν.
891 3877 941 3929 elon
957 3881 1088 3946 Λυκόφρων
1108 3881 1163 3944 ,τὸν
1181 3884 1366 3944 πολυπρόσωπον
1384 3881 1482 3946 οὐρανὸν
1499 3888 1538 3940 τῆς
1553 3884 1745 3946 μιγολοκορύφου

474 3959 529 4018 ylpc''
547 3961 584 4007 nel
604 3960 690 4020 ‚darie
706 3961 871 4025 orerendper‚”
890 3963 928 4008 xarl
948 3963 977 4016 ὡς
995 3964 1094 4026 Γοργὶας
1110 3963 1212 4022 dedicate
1231 3963 1416 4024 ,ππωχόμουοος
1434 3959 1518 4015 181αέ·
1537 3963 1585 4008 eto.

509 4033 529 4102 ¹)
546 4045 608 4086 θοῶν
625 4039 648 4095 li
665 4039 751 4094 driade
769 4039 793 4105 (p
811 4039 871 4106 518)
889 4041 1002 4088 earmina
1019 4052 1066 4089 ena
1084 4039 1183 4103 profert
1200 4044 1284 4102 poeta,
1307 4041 1362 4094 liele
1378 4041 1402 4087 el
1417 4044 1441 4088 iv
1455 4041 1536 4106 φριοῑν
1552 4042 1619 4096 οἶμος
1634 4043 1746 4093 xanaiae

474 4116 567 4180 Meum
585 4115 614 4182 (χ
633 4117 701 4180 eli).

506 4192 527 4255 ¹)
545 4195 635 4243 Serum
653 4197 807 4246 imitatorem
825 4199 912 4259 prodit
928 4211 1018 4247 versus
1036 4216 1049 4245 a
1067 4200 1124 4259 805,
1142 4199 1187 4246 ubi
1202 4199 1321 4246 ooelitum
1336 4199 1440 4257 linguae
1458 4197 1579 4244 tribuitur
1596 4209 1644 4243 rex
1658 4197 1745 4255 ignota

472 4275 500 4320 ei
525 4273 633 4321 obseura
659 4279 731 4333 pelo,
758 4289 841 4337 neque
866 4279 975 4325 alterum
1000 4279 1077 4326 huius
1101 4278 1197 4325 herbae
1221 4291 1311 4324 nomen
1335 4277 1418 4336 magis
1434 4277 1557 4324 usitatum
1575 4275 1651 4334 quale
1669 4273 1746 4321 inerit

473 4351 582 4401 additur.
610 4355 750 4403 videantur
768 4370 834 4417 qnae
850 4358 897 4405 bae
920 4357 952 4404 de
975 4371 1002 4405 ro
1020 4359 1111 4419 scripsi
1130 4359 1287 4416 linemoeyn.
1304 4359 1367 4404 leui
1386 4371 1410 4416 p.
1429 4359 1476 4404 188
1497 4369 1562 4415 sqq,
1580 4357 1607 4402 et
1623 4355 1655 4400 ei.
1670 4373 1687 4411 μ
1705 4355 1744 4400 51.

506 4435 668 4483 llomerionrn
687 4437 753 4484 bano
774 4439 875 4486 dieendi
893 4440 1016 4486 rationem
1037 4440 1127 4485 festiva
1147 4438 1288 4486 imitatione
1306 4437 1433 4497 suppressit
1451 4435 1569 4482 (tretilius
1587 4435 1617 4479 ir.
1628 4433 1685 4489 815,
1699 4432 1746 4478 sed

473 4515 627 4562 Plrlloxenne
653 4517 678 4564 in
701 4519 835 4578 Symposio
858 4517 899 4578 (ir.
918 4513 956 4581 ³³)
974 4519 997 4565 ln
1023 4519 1135 4565 llonrero
1154 4517 1278 4564 imitando
1298 4516 1400 4573 errarit,
1419 4515 1549 4571 irrigarem
1569 4512 1636 4557 enim
1658 4523 1744 4557 voooru

472 4593 603 4644 lrorulnum
621 4596 733 4658 liburnio,
752 4611 833 4646 raram
853 4607 931 4658 utque
950 4599 1102 4658 exquisitum
1123 4598 1260 4646 coelitibus
1279 4595 1375 4644 tribuli.
1403 4595 1488 4652 Neque
1510 4594 1579 4638 route
1597 4591 1645 4636 boo
1668 4589 1700 4636 «lo
1719 4605 1746 4636 ro

472 4673 595 4722 inelinavit
611 4675 659 4722 Dio
677 4677 765 4736 Obrya.
785 4677 819 4723 XI
838 4691 863 4738 p.
882 4679 939 4734 815,
957 4677 1001 4724 ubi
1021 4677 1154 4725 eouteudil
1172 4678 1311 4724 Homerum
1330 4674 1387 4720 ideo
1406 4685 1420 4718 e
1440 4673 1528 4731 lingue
1545 4671 1651 4717 deorum
1669 4683 1745 4728 quea·

471 4751 530 4798 dam
557 4753 674 4800 attulisse
705 4753 838 4814 voeabula,
869 4758 900 4801 nt
923 4755 994 4802 illem
1018 4755 1131 4814 linguam
1155 4767 1183 4800 aa
1198 4741 1295 4800 'uellere
1312 4751 1449 4809 divinoque
1469 4749 1575 4795 eoneilia
1592 4761 1745 4806 cognoscere

470 4841 498 4875 ee
516 4843 591 4890 poene
607 4830 729 4888 probaret
746 4831 916 4880 anditoribnn.
934 4832 1090 4886 (iraeeornm
1110 4831 1152 4878 d'el
1170 4831 1267 4878 Graeoe
1285 4841 1415 4888 nunquam
1438 4840 1487 4874 non
1505 4827 1566 4872 eunt
1584 4824 1670 4870 looatl.
