3908 5724
964 619 1027 679 828
1513 613 1542 683 [ἓ
1568 613 1629 672 130

412 809 500 868 Inter
533 807 670 868 actionis
701 809 834 870 nomina
865 808 1021 870 feminina
1050 807 1163 866 notatu
1186 805 1283 879 digna
1305 804 1382 864 sunt
1404 816 1486 876 quae
1509 801 1541 860 in
1564 791 1627 870 -ιος

368 912 497 984 exeunt,
529 921 557 970 o.
576 921 607 982 g.
631 900 751 986 βοητύς,
779 908 818 969 de
851 907 967 982 quibus
990 905 1137 966 videatur
1158 918 1229 980 pag.
1253 904 1328 980 227,
1351 904 1489 975 atquae
1511 899 1627 960 suiiixo

367 1009 502 1070 utuntur
523 1006 599 1086 -ιολή
622 1009 692 1070 sive
714 1008 807 1087 -ιορὴε
831 1006 973 1088 remisi,
993 1003 1134 1084 paeonici,
1155 1003 1308 1082 παυσωλή,
1332 999 1482 1083 έιλποιρή,
1506 998 1626 1078 ἀλεωρή.

367 1111 512 1172 Priscam
541 1110 804 1172 terminationem
834 1132 901 1189 -ιις,
924 1109 1017 1172 cuius
1039 1107 1148 1170 littera
1169 1127 1185 1167 ι
1208 1107 1241 1168 in
1265 1105 1371 1180 sigma
1393 1103 1477 1164 solet
1499 1103 1627 1178 mutari,

367 1210 527 1286 integram
557 1212 711 1272 exhibent
739 1227 835 1273 voces
864 1219 958 1291 μῆνις,
987 1209 1074 1288 pusio
1097 1207 1119 1282 ¹)
1142 1211 1280 1283 atquae
1302 1220 1366 1268 non
1388 1205 1549 1265 actionem
1571 1203 1628 1263 sed

368 1315 518 1386 agentem
541 1313 684 1374 indicant
705 1321 846 1392 χερνῆτις,
868 1317 970 1392 torrae,
992 1308 1110 1382 ἄκοιτις.

412 1413 437 1474 Ii
466 1415 590 1474 neutris
620 1413 903 1478 commemoranda
933 1414 1081 1476 videntur
1109 1427 1192 1487 quae
1218 1411 1252 1471 in
1274 1409 1433 1484 syllabam
1455 1428 1539 1486 -ιρον
1560 1405 1629 1467 sive

366 1516 458 1593 -θρον
491 1515 675 1589 excurrunt,
712 1529 739 1574 θ.
762 1530 793 1588 g.
824 1511 959 1595 ἄροτρον,
1000 1512 1129 1593 seispso,
1166 1512 1303 1590 ζῶοιρον,
1333 1505 1462 1586 λέκτρον,
1494 1506 1629 1586 φέριρον,

366 1611 493 1693 λλοιρον,
513 1609 629 1693 μέτρον,
649 1611 779 1692 λόιιρον,
800 1615 926 1696 λύθρον,
946 1613 1159 1694 πολένιιιτρον,
1179 1609 1339 1694 θρέπτρον,
1359 1604 1492 1690 ῥέεθρον.

858 2079 1044 2166 CAPUT
1068 2081 1145 2164 iii.

657 2267 707 2324 Do
728 2271 915 2338 augmento
937 2271 972 2326 et
992 2269 1036 2326 da
1056 2267 1343 2340 reduplicationa.

857 2451 881 2512 I.
907 2449 951 2512 Dc
972 2455 1146 2527 αιιροιοολο.

412 2621 434 2704 5
459 2621 534 2688 130.
564 2623 742 2686 indicativo
773 2627 956 2700 temporum
987 2625 1212 2686 historicorum
1236 2626 1268 2685 in
1291 2625 1400 2699 lingua
1422 2625 1544 2684 Graeca
1565 2637 1631 2698 pro·

368 2725 472 2802 prium
493 2727 545 2786 est
564 2727 785 2800 angmentum.
808 2725 896 2804 Quod
915 2727 949 2787 in
967 2727 1226 2802 inscriptionibus
1246 2727 1319 2787 inde
1337 2727 1377 2787 ab
1398 2723 1633 2798 antiquissimis

368 2825 567 2902 temporibus
596 2842 655 2888 suo
678 2828 747 2890 loco
769 2830 926 2904 reperitur
949 2844 1087 2906 semper,
1109 2843 1252 2904 nequea
1274 2829 1378 2904 poetis
1402 2827 1453 2888 vel
1476 2825 1633 2900 scriptori-

368 2931 428 2990 bus
451 2930 652 3004 pedestribus
671 2944 815 3006 unquam
831 2933 883 2991 est
904 2929 1301 3004 omissum;iibrariorum
1321 2929 1407 2991 onim
1428 2927 1636 3003 quantumvis

369 3031 469 3091 crebri
500 3046 624 3092 errores
654 3033 818 3093 neminem
842 3033 908 3094 iam
935 3031 1110 3094 ludificant.
1135 3031 1200 3093 soli
1224 3033 1386 3093 Homerus
1408 3033 1504 3105 atque
1526 3029 1634 3089 Hesio·

369 3129 429 3190 dus
459 3132 637 3205 horumque
667 3133 847 3193 imitatores
878 3133 938 3194 bac
961 3133 994 3193 in
1024 3148 1059 3192 re
1087 3147 1106 3192 a
1137 3133 1253 3192 ceteris
1284 3131 1413 3192 Graecis
1443 3129 1633 3204 discrepant,

368 3229 491 3304 passim
525 3231 611 3290 enim
644 3234 855 3304 augmentum
886 3230 1098 3305 neglexerunt
1120 3233 1154 3292 et
1176 3231 1264 3291 nullo
1286 3231 1416 3305 quidem
1439 3229 1632 3302 discrimine,

369 3329 453 3402 quod
497 3329 536 3390 ad
578 3331 749 3391 verborum
787 3333 985 3392 structuram
1027 3331 1136 3392 vimus
1181 3331 1425 3392 enrrnciatorum
1465 3327 1633 3404 pertineat,

368 3428 589 3502 neglexerunt.
620 3430 707 3505 Quae
737 3446 790 3491 res
817 3433 981 3492 neminem
1006 3432 1124 3491 mirum
1149 3431 1281 3491 baberet
1303 3431 1331 3489 si
1355 3431 1387 3489 in
1410 3429 1481 3504 ipsa
1503 3428 1635 3488 Graecia

367 3531 482 3590 natum
516 3531 605 3590 esset
631 3532 861 3606 augmentum
894 3532 941 3591 sic
965 3531 1051 3592 enim
1075 3533 1219 3591 statuere
1242 3530 1363 3607 liceret,
1388 3531 1472 3591 circa
1494 3545 1534 3590 ea
1555 3530 1633 3589 tem·

369 3643 445 3703 pora
475 3645 548 3690 esse
575 3632 688 3690 natum
723 3631 839 3704 quibus
873 3630 1003 3691 exculta
1038 3634 1089 3692 est
1118 3631 1224 3705 poesis
1256 3631 1424 3706 dactylica,
1456 3630 1633 3690 vetustissi-

368 3743 443 3789 mae
494 3729 591 3802 igitur
632 3729 759 3802 linguae
800 3730 909 3809 aetati!
951 3731 1137 3791 tribuendas
1179 3745 1251 3790 esse
1292 3730 1462 3791 verborum
1504 3728 1633 3804 tiguras,

367 3843 449 3902 quae
483 3831 657 3904 augmento
692 3830 811 3891 carent.
848 3829 910 3891 Sed
944 3845 1078 3904 prorsus
1112 3829 1205 3891 aliter
1234 3845 1287 3891 res
1318 3845 1390 3890 seso
1420 3829 1526 3890 babet.
1550 3829 1633 3888 Nam

368 3931 580 4004 augmentum
603 3929 723 3992 Graeco
746 3946 895 3994 sermone
919 3931 1085 4007 antiquins
1108 3934 1168 3993 est.
1192 3931 1304 3993 Graeci
1328 3932 1412 3992 bunc
1434 3946 1562 4008 sonum,
1580 3931 1634 4005 qui

367 4031 492 4106 integra
519 4032 597 4094 olim
620 4033 681 4096 init
712 4033 826 4096 vocula
857 4039 889 4094 ᾰ-
912 4031 945 4112 ²),
979 4050 1054 4096 oum
1085 4029 1161 4110 ipsa'
1182 4035 1291 4110 lingua
1314 4037 1505 4109 acceperunt
1527 4047 1547 4095 a
1568 4049 1634 4110 pro·

401 4273 420 4340 ¹)
438 4279 575 4326 Praeterea
593 4281 653 4339 post
674 4293 798 4328 οοιιιοιιοιιι
822 4281 944 4328 sniiixnm
965 4297 1009 4336 -ιις
1026 4282 1146 4341 superesi
1163 4282 1290 4340 integrum
1308 4282 1333 4328 in
1355 4284 1505 4346 (ιοοριροοιις,
1521 4279 1636 4340 ληροιις,

370 4365 467 4416 asparso.
488 4364 589 4416 priario
611 4357 771 4406 Vocabulum
794 4359 862 4418 qnod
880 4361 970 4419 postea
988 4359 1168 4419 pervulgatum
1186 4361 1236 4407 inii
1253 4365 1328 4415 ιιιοιις
1345 4361 1370 4407 in
1388 4361 1476 4419 lingna
1493 4360 1568 4419 apios
1584 4370 1634 4405 non

369 4437 489 4498 occurrit,
508 4435 555 4483 aad
572 4439 642 4484 extat
661 4437 687 4484 in
703 4437 829 4484 οοιιλοολίο
851 4439 938 4490 ntorum
956 4436 981 4482 i·
1003 4437 1033 4502 ἄρ
1048 4437 1142 4494 (Bacch
1163 4442 1250 4491 πίονος
1272 4433 1313 4502 ὄρ)
1336 4454 1370 4484 we
1393 4439 1455 4496 «ipo,-
1474 4441 1513 4485 ani
1528 4439 1635 4484 ὰπιοιλοι

370 4516 458 4562 bisons
472 4515 565 4582 ἄνδρας,
584 4516 644 4564 Hes.
662 4517 737 4576 Opor.
756 4515 812 4563 iiii.

399 4590 419 4658 ²)
437 4595 572 4643 vetustum
591 4608 683 4642 ιοιιιιιιι
699 4605 835 4653 ιιηιοιοοιο
853 4593 879 4640 in
897 4606 959 4641 roos
977 4593 1104 4642 Laconica
1120 4585 1230 4643 intrusa
1248 4596 1313 4643 iot.
1332 4598 1381 4643 uia
1395 4617 1427 4639 ==
1446 4595 1529 4643 Οοιιοι
1543 4589 1633 4644 nuta

367 4677 395 4722 ολ
411 4675 436 4721 in
453 4675 619 4736 inscriptione
635 4674 698 4721 iiia·
717 4659 948 4734 φνιοομιιιιοιοιιῌ.
961 4686 984 4721 ο.
1000 4674 1070 4728 Kaio:
1084 4677 1107 4734 μ’
1127 4673 1240 4736 andacer)
1262 4675 1324 4722 coil.
1344 4676 1407 4722 iiiii
1427 4669 1471 4738 (=
1488 4669 1634 4738 mmm),

368 4760 522 4820 quibusoam
540 4758 688 4819 conspirant
704 4759 804 4819 glossas
821 4758 997 4817 Hesychiauas
1019 4759 1110 4824 itaprr
1125 4759 1231 4825 ἄβροχον
1246 4759 1360 4822 ἅσμενοι,
1373 4759 1450 4806 multi
1464 4759 1636 4816 erediderunt,
