3842 5690
988 691 1030 750 ssss
1542 693 1571 763 [ᾗ
1597 693 1636 753 13

372 879 472 940 donoc
495 894 572 940 rere
594 878 690 941 lectio
714 880 806 956 piene
830 881 1005 956 perscripto
1028 881 1208 955 comparuit
1231 881 1262 942 io
1283 883 1390 944 codiee
1411 883 1435 942 P
1454 885 1636 945 accuratius

368 981 551 1058 explorato:
571 979 657 1041 ιιινεὰ
676 978 813 1062 είίγμαια.
826 983 976 1044 Fortasse
996 983 1095 1043 etiam
1108 983 1323 1057 discrepantia
1343 983 1491 1046 iectionis
1512 1010 1532 1064 μ
1554 987 1633 1048 297:

367 1075 498 1161 βιάζεσίί
519 1074 584 1142 αίαν
604 1082 731 1159 Zenod,
750 1081 861 1160 βιάζετε
881 1075 946 1142 αίαν
965 1083 1005 1160 Μ,
1025 1081 1136 1160 βιάζετε
1152 1090 1267 1160 μοῦνον
1285 1086 1374 1145 codd.
1396 1086 1549 1162 plerique,
1562 1087 1635 1146 irino

367 1182 524 1256 originem
547 1183 640 1256 oepit.
667 1181 844 1242 videantur
861 1185 1028 1257 praeberes
1046 1198 1129 1256 quae
1148 1183 1181 1242 in
1202 1183 1220 1252 5
1245 1185 1287 1243 bb
1308 1186 1342 1245 et
1362 1187 1403 1245 59
1423 1186 1463 1245 de
1482 1187 1635 1260 genitivo·

368 1295 439 1343 rum
460 1283 494 1343 in
512 1303 563 1342 -αο
584 1283 617 1344 et
642 1303 702 1342 -οιο
722 1282 855 1342 elisione
875 1283 1045 1343 observata
1065 1285 1151 1343 sunt.
1167 1315 1206 1323 -
1228 1282 1434 1344 Seenicorum
1453 1283 1541 1345 locos
1561 1300 1634 1345 non·

366 1381 474 1441 nulius
496 1381 611 1444 eadem
633 1382 672 1442 de
692 1395 791 1441 causa
814 1381 1006 1456 depravatos
1025 1381 1134 1454 tetigit
1155 1379 1253 1441 Cobet
1270 1380 1350 1442 Nor.
1371 1381 1457 1443 Leot.
1478 1398 1508 1458 p.
1526 1384 1586 1443 192
1603 1381 1632 1453 ¹).

411 1482 472 1543 Sed
506 1483 677 1543 redeamus
711 1482 788 1543 iiiuc
819 1482 902 1542 unde
937 1482 1072 1555 digressi
1102 1496 1227 1543 sumus.
1261 1481 1409 1544 Vidimus
1439 1484 1506 1545 iota
1533 1484 1633 1545 dativi

366 1580 462 1644 iiuaie
493 1584 526 1644 in
557 1583 739 1644 Homericis
770 1585 803 1643 et
834 1583 1017 1656 frequenter
1039 1583 1124 1658 elidi,
1149 1585 1183 1643 et
1205 1579 1236 1642 ίιι
1258 1583 1390 1663 πλήρους
1412 1585 1532 1646 talibus
1555 1585 1633 1646 iocis

365 1685 443 1746 oiim
479 1687 635 1760 scriptum
675 1700 757 1746 esse.
797 1684 915 1745 Utrum
952 1685 1050 1759 igitur
1083 1689 1251 1760 poetarum
1286 1686 1449 1762 epicorum
1483 1689 1528 1748 sit
1560 1685 1631 1767 ἔγχει

366 1789 487 1864 Ἀχαιῶν
510 1802 551 1847 an
576 1765 657 1866 ἔγχε’,
678 1783 760 1863 πέραν
783 1782 873 1865 &yios
894 1802 936 1847 an
959 1781 1036 1866 κέρατ’
1062 1790 1103 1858 (Λ
1126 1784 1214 1864 385),
1237 1789 1344 1848 πλατεῖ
1360 1783 1567 1873 Ἑλλησπόντῳ
1591 1805 1631 1850 an

364 1882 465 1950 πλατέ’
491 1891 536 1961 (H
558 1890 622 1964 86),
646 1889 677 1950 id
700 1890 846 1949 nostrum
872 1890 923 1949 est
946 1888 1117 1965 diudicare,
1141 1903 1244 1962 neque
1267 1889 1334 1950 uiia
1357 1890 1417 1951 bac
1440 1891 1473 1951 in
1504 1906 1538 1951 re
1561 1906 1631 1951 auc·

363 1991 480 2054 toritas
510 1991 656 2053 codicum
686 1991 737 2052 vei
769 1991 1057 2065 grammaticorum
1089 1991 1631 2066 debetpotestvevaiere.1taque

364 2095 586 2157 observatione
620 2094 807 2155 Buttmanni
841 2093 889 2172 ,ei
913 2093 967 2167 uui
989 2087 1073 2174 γήρα
1094 2108 1150 2169 pro
1169 2091 1257 2175 γήραι
1283 2094 1404 2156 scribat
1428 2097 1527 2158 etiam
1552 2091 1628 2156 σάκε’

367 2201 420 2276 ,et
437 2192 516 2280 τείχε’
537 2214 594 2275 pro
613 2195 695 2258 σιίιιει
712 2200 745 2260 ut
763 2195 846 2276 ιείχει
866 2195 1070 2258 soriirondum
1084 2199 1176 2259 usso”
1190 2201 1223 2275 ¹),
1240 2215 1338 2273 quarm
1354 2200 1398 2260 ia
1410 2200 1516 2262 'itocbe
1536 2201 1628 2262 'iuxt-

350 2285 460 2362 irritiir
480 2318 509 2376 p.
535 2301 597 2362 297
622 2301 778 2372 (Bekirero
797 2301 892 2362 Hom.
914 2301 1037 2362 Bibtter
1055 2315 1085 2376 p.
1099 2301 1140 2360 43
1161 2304 1326 2371 assensus)
1347 2317 1384 2363 eo
1397 2304 1529 2364 consilio
1550 2304 1630 2366 citat

363 2404 400 2464 ut
419 2403 547 2465 evincat
566 2403 742 2464 absurdum
762 2418 835 2464 esse
854 2396 939 2483 γήρα’
961 2401 1013 2464 vel
1032 2396 1109 2483 ιίρα’
1131 2401 1249 2463 elisum
1266 2400 1300 2480 λ),
1321 2405 1368 2464 ita
1379 2406 1486 2479 potius
1499 2407 1629 2466 utemur

363 2508 401 2568 ut
427 2508 582 2581 utrasque
615 2506 738 2566 formas
767 2505 871 2580 poetis
902 2504 1001 2580 epicis
1032 2504 1241 2566 vindicemus.
1270 2506 1306 2565 In
1330 2507 1443 2568 eadem
1467 2508 1629 2570 sententia

363 2609 441 2670 oiim
462 2609 592 2671 morunt
611 2607 743 2684 Barnes,
764 2606 860 2682 Woii,
884 2605 918 2667 P.
939 2606 1071 2682 Kuigbt,
1092 2606 1143 2667 bis
1163 2608 1362 2682 temporibus
1377 2605 1523 2686 iicebi'),
1540 2610 1626 2687 Fici,

362 2711 509 2787 bienrad;
540 2709 703 2771 nonnuliis
733 2712 844 2771 sutem
875 2709 954 2770 locis
976 2709 1064 2786 ipsos
1090 2712 1216 2772 veteres
1241 2712 1400 2773 babemus
1425 2716 1626 2790 praeeuntes,

361 2829 438 2874 nam
462 2815 495 2871 H
517 2812 559 2873 95
583 2813 741 2887 Didymus
759 2826 823 2871 non
846 2810 935 2871 νείκει
954 2811 1011 2871 sed
1032 2805 1115 2870 νείκε’
1137 2814 1316 2887 reperiebat
1335 2815 1369 2874 in
1389 2815 1632 2876 commentariis

362 2913 551 2990 Aristarchi,
591 2915 625 2970 Ψ
652 2912 692 2972 81
725 2912 819 2972 hodie
846 2907 922 2990 τείχε’
950 2913 1043 2972 extat
1064 2913 1097 2972 in
1121 2911 1226 2988 Vind,
1250 2935 1267 2972 ιι
1293 2915 1356 2974 170
1378 2909 1447 2993 ἔγχε’
1473 2918 1524 2976 est
1544 2917 1576 2975 in
1598 2917 1630 2990 lr,

361 3036 379 3092 γ
403 3014 466 3073 245
489 3007 560 3092 γίνί
587 3013 694 3072 estin
716 3013 878 3073 codicibus
900 3012 1050 3071 omnibus
1072 3008 1106 3086 ⁸),
1131 3012 1159 3069 ii
1183 3013 1247 3070 348
1271 3013 1304 3072 in
1324 3013 1446 3074 Veneto
1466 3016 1494 3074 A
1513 3014 1631 3088 iegitur

361 3109 438 3191 ἔγχεϊ
457 3109 615 3189 ἐπαΐσσων,
638 3111 658 3172 i.
672 3127 699 3172 0.
723 3105 791 3191 ἔγχε’
807 3108 964 3187 ἐπαΐσσων,
982 3113 1060 3186 0th
1082 3112 1121 3172 ci.
1142 3112 1225 3186 571,
1241 3113 1293 3188 72,
1307 3113 1358 3172 78.
1381 3112 1413 3172 Si
1433 3115 1507 3185 quis
1519 3116 1629 3174 autem

361 3226 431 3271 rem
460 3211 507 3272 ita
536 3212 597 3272 sibi
620 3210 795 3272 informare
817 3211 945 3272 mavult
966 3213 1003 3270 ut
1032 3211 1119 3272 dicat
1149 3211 1294 3271 vocalem
1318 3213 1385 3271 iota
1407 3213 1527 3273 talibus
1551 3215 1630 3274 iocis

362 3312 479 3374 abiisse
513 3313 546 3374 in
576 3314 807 3373 consonantem
835 3333 851 3389 χ
883 3313 958 3383 (rid.
992 3311 1027 3372 G.
1062 3311 1180 3385 Meyer²
1205 3326 1235 3386 p.
1263 3315 1324 3372 164
1348 3329 1417 3386 sqq.
1442 3315 1627 3388 Bragmann

361 3412 413 3474 Gr.
451 3413 594 3476 Gramm.
627 3413 645 3482 5
677 3415 738 3490 12),
770 3429 833 3474 non
868 3428 1062 3489 magnopere
1093 3427 1335 3489 repugnamus,
1353 3429 1430 3475 nam
1458 3416 1537 3476 haee
1559 3431 1627 3476 sen.

359 3514 461 3576 tentia
490 3516 530 3576 ab
562 3531 611 3592 ea,
635 3531 734 3590 quam
758 3532 856 3591 supra
879 3517 1100 3593 exposuimus,
1124 3515 1231 3576 verbis
1258 3515 1365 3590 magis
1388 3532 1486 3590 uuam
1509 3534 1544 3578 re
1567 3519 1627 3578 dis·

358 3617 477 3693 erepat,
513 3617 569 3676 vix
602 3617 707 3678 ulium
740 3619 827 3678 enim
860 3616 1089 3692 pronunciandi
1121 3617 1295 3678 discrimen
1328 3631 1400 3688 esse
1421 3619 1526 3691 potuit
1548 3618 1627 3678 iocis

357 3717 518 3794 plerisque
548 3719 632 3782 inter
654 3713 759 3801 ἔγχε’(ι)
782 3723 904 3799 Ἀχαιῶν
935 3721 969 3781 et
993 3716 1205 3799 ἔγχεγΑχαιῶν,
1227 3719 1311 3779 inter
1339 3711 1452 3798 εἷρπ’(ι)
1483 3716 1572 3800 αἰγλαέ
1594 3721 1627 3781 eb

356 3817 548 3902 ιιίραγαγλαί;
581 3823 727 3886 attamen
759 3824 846 3886 reete
877 3821 1064 3885 observavit
1089 3821 1219 3884 Menrad
1249 3821 1288 3882 do
1315 3819 1421 3883 Gontr.
1445 3836 1474 3896 p.
1502 3823 1542 3884 74
1566 3839 1626 3900 su,

390 4067 408 4128 ¹)
426 4071 519 4118 Contra
541 4070 614 4118 elisio
636 4083 686 4117 nou
704 4069 881 4118 animadversa
899 4071 1120 4129 elegantissimum
1137 4071 1251 4116 Platonis
1268 4069 1353 4116 locum
1371 4069 1526 4128 obscurarit,
1543 4068 1624 4115 donec

353 4149 511 4196 Laobnrarmt
534 4148 662 4208 ingenium
685 4162 775 4196 verum
795 4149 866 4198 vidit.
886 4149 990 4196 convrv.
1011 4147 1076 4196 iiii
1093 4150 1211 4196 Βοσειλσε
1229 4150 1310 4196 fertur
1329 4147 1420 4195 indens
1441 4148 1548 4194 dixisse:
1568 4150 1626 4193 ineo

352 4232 438 4281 τοίνυν,
460 4228 498 4274 ἵνα
522 4229 567 4274 καί.
583 4227 626 4286 σήν
648 4233 776 4292 nepotatur
793 4229 966 4294 διαφθείρωμεν
983 4231 1012 4282 ὡς
1029 4227 1075 4292 ἄρα
1093 4230 1131 4274 καί
1148 4229 1248 4286 druidis
1264 4230 1300 4274 ίπι·
1321 4227 1401 4281 doira.-
1417 4228 1479 4272 ίασιν
1496 4229 1623 4286 πνεύμασιν

352 4309 449 4366 ἄγασαί.
464 4307 534 4354 Haeo
547 4308 577 4354 ni
590 4307 688 4353 insulsa
702 4309 738 4353 ita
746 4306 863 4364 obscura,
872 4306 922 4354 nisi
931 4320 989 4354 curn
1002 4306 1167 4353 Lnobmanno
1176 4305 1341 4353 rescribimus
1353 4305 1508 4366 λίχιλσωίήι),
1518 4317 1577 4352 unm
1586 4305 1624 4351 oio

352 4385 456 4434 demum
481 4385 661 4448 ίαιφθαργιίναν,
678 4383 704 4432 td
722 4387 762 4432 eat
776 4398 823 4446 per
836 4386 921 4433 iocum
943 4384 1069 4431 urbanum
1089 4384 1181 4431 ieviter
1195 4385 1368 4440 immutatam,
1386 4383 1436 4430 erit
1451 4381 1622 4442 prouerbium.

352 4467 435 4514 siniti
452 4466 551 4513 ratione
567 4478 634 4512 nare
645 4461 768 4525 piacidum
785 4465 926 4524 Hegeioobi
943 4463 1014 4511 iilam
1033 4462 1154 4510 νενσίνίσπι
1174 4458 1262 4526 (brist.
1279 4465 1340 4510 ltau.
1360 4458 1421 4526 sui)
1439 4461 1547 4522 peperit.

386 4541 408 4612 ¹)
424 4545 463 4594 ad
480 4545 561 4592 schol.
578 4563 592 4592 ιι
609 4546 664 4590 iiiii.

384 4621 404 4682 ’λ
423 4625 489 4672 Item
507 4623 570 4672 adi
591 4623 639 4670 rae
658 4621 886 4678 ,absurdissimum
905 4625 945 4669 ast
962 4623 1027 4687 γήρα’
1039 4621 1063 4670 ”.

383 4697 406 4764 ⁴)
423 4703 528 4760 Quaest.
546 4701 651 4748 Homer.
670 4700 735 4747 1869
753 4713 778 4758 p.
797 4702 837 4748 it.

382 4773 494 4842 ⁸)1riost
514 4780 602 4838 apiani
624 4775 779 4824 munatium
804 4789 856 4822 non
879 4777 1005 4837 praeberi.
1026 4777 1068 4823 bio
1085 4789 1184 4838 venus,
1201 4777 1310 4824 dubium
1328 4778 1483 4822 tamennon
1501 4777 1541 4821 est
1557 4776 1618 4834 quin

349 4857 405 4916 γίιί
426 4857 461 4904 ait
477 4857 592 4913 dativum
610 4869 670 4903 urm
687 4855 737 4902 nisi
754 4854 790 4900 iia
808 4853 913 4914 arripis,
932 4867 963 4900 na
981 4855 1046 4903 rarii
1063 4855 1168 4914 quidem
1185 4857 1279 4914 potest
