3952 5700
956 1707 1003 1780 ΙΙ.

839 1897 1057 1982 OAPUT
1087 1897 1121 1983 Ι.

634 2090 685 2152 un
710 2089 940 2153 vocnursus
963 2091 1015 2152 av
1037 2089 1329 2153 urenvnonora.

835 2501 862 2555 1.
891 2501 941 2555 De
963 2499 1126 2556 vocalia.

391 2691 466 2772 te.
498 2697 605 2774 Alpba
628 2696 732 2758 sicubi
755 2697 851 2757 breve
876 2697 937 2770 set,
961 2709 1025 2756 non
1049 2696 1206 2756 mutatur.

391 2791 465 2875 fib.
499 2799 605 2875 Alpba
636 2799 733 2859 breve
768 2797 821 2857 ubl
856 2811 913 2871 per
942 2797 1239 2870 compensationem
1271 2798 1466 2875 producitur,
1493 2798 1561 2859 abit
1582 2798 1616 2858 in

347 2899 492 2976 vocalem
516 2913 546 2976 a,
569 2899 699 2974 perinde
723 2899 820 2971 atque
843 2898 877 2958 in
901 2896 1039 2958 dialecto
1062 2898 1182 2960 Attica.
1206 2897 1240 2959 ll.
1264 2913 1312 2972 g.:

567 2996 655 3078 μὲλᾱς
678 3005 721 3072 (²
733 2996 861 3076 μὲλᾶνς).
1063 3007 1122 3072 πᾶς
1145 3003 1189 3072 (=
1201 3003 1313 3072 πᾶντς).

567 3099 767 3182 τεθαρσήκᾱσι
790 3105 962 3174 (Ξ-κᾶντι).
1063 3101 1161 3183 γίγᾶσι
1183 3099 1391 3182 (εγίγᾶντσι).

393 3205 462 3266 Iluc
491 3205 631 3282 pertinet
660 3206 760 3266 etiarn
790 3204 999 3266 accusativus
1029 3205 1164 3281 pluralis
1189 3207 1236 3266 1⁸·
1263 3204 1486 3267 declinationis
1510 3205 1543 3267 in
1566 3221 1616 3279 -ᾱς

346 3310 505 3372 desinens.
542 3309 631 3370 Licet
665 3309 753 3370 enirn
785 3308 943 3372 vocabula
974 3309 1071 3370 buius
1100 3308 1222 3370 ordinis
1253 3308 1286 3369 ln
1316 3308 1477 3385 plerisque
1501 3309 1616 3372 formis

348 3414 492 3475 vocalem
515 3413 645 3488 longam
669 3425 687 3471 u
710 3418 751 3490 (η)
772 3413 957 3490 exhibeant,
981 3427 1079 3486 quarn
1100 3415 1215 3488 suapte
1236 3412 1335 3486 igitur
1354 3414 1615 3489 naturalongam

346 3531 418 3575 esse
442 3515 529 3576 etin
552 3515 623 3589 ipsa
646 3515 753 3576 radica
776 3516 908 3590 longam
931 3515 1032 3575 livisse
1055 3516 1125 3576 lure
1148 3514 1313 3590 statueris,
1336 3515 1483 3576 nonnulli
1503 3517 1615 3576 tamen

346 3630 442 3675 casus
464 3618 645 3691 correptam
667 3616 786 3676 -aut
809 3609 836 3675 si
861 3616 934 3688 quis
957 3614 1085 3675 mavult
1107 3615 1238 3676 brevem
1257 3648 1297 3658 -
1319 3615 1466 3676 vocalem
1490 3619 1509 3673 ἅ
1527 3630 1615 3690 prae·

346 3717 431 3790 bent,
468 3731 584 3792 nempe
624 3717 720 3776 multi
749 3716 942 3777 nominativi
974 3715 1115 3778 vocativi
1146 3715 1323 3776 accusativi
1355 3715 1531 3790 singularis
1561 3731 1615 3777 nu-

347 3818 438 3894 meri,
462 3835 488 3880 e.
510 3833 539 3892 g.
560 3822 659 3893 pocae
690 3819 795 3896 νύμφα
818 3816 928 3878 tenire
950 3821 1058 3897 μοῖραν
1082 3818 1155 3895 etc,
1180 3819 1214 3880 et
1235 3818 1371 3895 pluralis
1394 3817 1617 3879 nominativus

345 3922 378 3982 et
401 3921 609 3982 accusativus
631 3942 677 3979 -αι
700 3920 734 3981 et
756 3925 838 3996 -ἅνς;
871 3920 997 3996 syllaba
1019 3921 1131 4009 autern
1156 3925 1224 3994 -ἅας
1247 3921 1327 3982 abiit
1349 3920 1382 3981 in
1406 3933 1467 3998 -ᾱς,
1485 3920 1616 3996 perinde

344 4025 441 4095 atque
476 4022 509 4082 in
543 4021 656 4096 lingua
690 4022 809 4083 Attica.
845 4022 882 4082 In
913 4020 1037 4082 Doricis
1067 4036 1144 4083 vero
1176 4022 1324 4083 dialectis
1355 4022 1445 4100 olim,
1477 4023 1616 4085 testibus

345 4122 606 4197 inscriptionibus
631 4123 838 4184 Oret-ensibus
862 4124 894 4184 et
915 4122 1055 4199 Argivis,
1074 4123 1239 4184 dicebatur
1258 4145 1338 4200 -ανς,
1356 4126 1470 4199 postea
1489 4124 1615 4199 syllaba

347 4225 452 4286 finalis
474 4225 704 4300 corripiebatur
726 4230 787 4301 -ἅς,
808 4225 848 4286 cl.
873 4225 891 4296 ἓ
916 4225 967 4286 57.

392 4325 594 4388 Contrarium
629 4327 717 4387 valet
751 4328 790 4388 ds
821 4326 961 4401 aoristis,
992 4325 1106 4399 quales
1137 4327 1215 4386 aunt
1245 4325 1325 4403 ἰῆλαι
1348 4331 1482 4406 καθῆραι
1504 4324 1615 4405 αὐῆααι

344 4427 427 4506 {rivus
449 4435 553 4505 μιῆναι
572 4434 667 4504 φῆναι
691 4427 752 4488 etc.
763 4415 775 4502 ;Δ
795 4428 851 4502 qul
869 4426 946 4488 licet
966 4441 1008 4488 ex
1026 4425 1129 4487 -άλσαι
1144 4425 1248 4506 -ἄρσαι
1267 4425 1372 4488 duduc
1387 4428 1455 4489 sint
1466 4428 1538 4504 orti,
1550 4444 1615 4490 non

345 4530 457 4590 tamen
479 4529 652 4589 servarunt
675 4527 822 4590 vocalem
842 4550 862 4586 α
881 4528 937 4590 sed
958 4528 991 4588 ln
1011 4551 1030 4605 η
1050 4529 1230 4605 mutarunt,
1249 4529 1407 4603 manuam
1426 4545 1487 4590 sua
1498 4529 1616 4590 natura

345 4631 487 4704 longam.
520 4629 588 4690 Hac
619 4645 744 4704 quoque
775 4629 808 4691 in
843 4645 877 4690 re
909 4630 1048 4690 concinit
1080 4629 1241 4691 disiectus
1271 4630 1390 4706 Attica,
1422 4645 1499 4690 nam
1532 4631 1616 4703 quod

343 4731 446 4792 Attici
469 4745 488 4789 n
511 4734 622 4792 tamen
645 4731 791 4792 scribunt
814 4731 843 4791 si
866 4732 1028 4792 antecedit
1049 4731 1175 4791 vocalis
1200 4731 1251 4792 vel
1263 4753 1291 4810 ρ,
1309 4730 1341 4791 id
1363 4731 1417 4790 vix
1437 4732 1501 4792 buc
1522 4732 1616 4805 perti·

344 4833 412 4891 nst.
436 4831 609 4892 Homerica
628 4832 740 4890 autern
764 4821 917 4914 ἀγξηράνῃ
943 4831 972 4889 Φ
994 4831 1058 4890 347
1084 4832 1117 4891 et
1138 4827 1264 4908 ἐμάρανε
1286 4831 1318 4890 b.
1343 4829 1437 4891 llere.
1465 4831 1528 4891 140
1551 4845 1616 4891 non

345 4947 445 5008 prave
468 4933 545 4992 snut
564 4933 714 5010 formata,
738 4931 794 4994 sed
818 4933 999 5006 sequuntur
1021 4931 1127 5006 legem
1152 4947 1173 4992 a
1195 4947 1261 5006 qua
1282 4931 1316 4992 in
1339 4931 1525 4994 huiuamodi
1549 4947 1616 4994 ver·
