3958 5696
1042 607 1106 668 560
1587 609 1616 682 [5
1640 607 1702 670 326

482 797 646 871 originem
674 795 907 872 particularum
938 795 1089 868 indagare
1121 794 1214 870 velte,
1239 795 1435 870 periculosae
1458 795 1549 856 aleae
1571 795 1700 869 plenum

436 913 515 974 opus
539 901 606 974 est;
630 897 768 958 tortasse
791 896 889 971 igitur
910 897 1054 971 praestat
1078 894 1158 956 nihil
1181 897 1242 956 bec
1265 897 1304 957 de
1328 911 1361 958 re
1384 895 1533 970 delinire;
1556 897 1701 956 attamen

437 1001 505 1062 veri
538 1000 646 1062 simile
680 1000 807 1062 videtur
841 997 1034 1074 particulam
1067 1000 1150 1074 κε(ν),
1182 997 1255 1059 Dor.
1287 1020 1345 1057 καν
1378 1019 1427 1074 κα,
1464 1013 1482 1058 e
1515 998 1702 1073 pronomine

436 1101 601 1164 indefinito
624 1101 832 1164 Aeolenslum
858 1102 892 1162 et
915 1100 1119 1162 Dorieneium
1139 1121 1190 1172 κος
1214 1105 1257 1169 (=
1280 1103 1332 1172 τις)
1355 1101 1461 1160 ortem
1486 1115 1575 1176 esse;
1598 1100 1703 1176 placet

436 1206 548 1266 entem
580 1204 615 1266 u.
649 1203 688 1264 H.
721 1202 864 1264 lluelleri
897 1203 929 1262 in
954 1201 1077 1263 Herma
1102 1202 1186 1263 1880
1209 1218 1239 1278 p.
1264 1203 1327 1265 464
1352 1203 1546 1280 coniectum,
1570 1205 1703 1279 particu-

437 1307 505 1369 lam
529 1303 566 1366 ἄν
588 1306 668 1369 nihil
691 1321 763 1368 esee
786 1306 849 1366 nisi
868 1305 968 1366 Ionici
993 1305 1190 1380 pronominis
1210 1301 1284 1383 ἀμάς
1308 1309 1351 1375 (=
1371 1311 1423 1378 τις)
1443 1307 1578 1382 stirpem
1597 1307 1702 1366 decur-

436 1411 551 1486 tatam,
583 1406 776 1482 disyllabum
800 1407 899 1480 igitur
923 1421 1035 1468 vocem
1059 1403 1118 1483 ἀμο
1141 1407 1174 1466 ln
1197 1403 1238 1483 ἀμ
1262 1406 1398 1484 abiisse,
1429 1408 1489 1468 boc
1511 1405 1702 1480 monosylla-

437 1509 514 1569 bum
538 1511 615 1570 nota
637 1511 709 1584 iege
732 1510 765 1570 in
788 1504 827 1567 dv
850 1523 923 1570 esse
947 1510 1122 1568 mutatum.
1144 1507 1202 1583 Qut
1224 1509 1251 1568 si
1276 1523 1390 1568 verum
1411 1508 1493 1567 vidit
1510 1509 1560 1566 vir
1579 1509 1702 1582 doctus,

436 1609 550 1682 sponte
573 1610 744 1683 apparatu
766 1607 876 1681 lingua
895 1607 1068 1668 Homerica
1089 1606 1229 1666 alienam
1250 1621 1323 1667 esse
1342 1606 1535 1681 particulam
1555 1603 1602 1678 ἄν,
1623 1621 1702 1665 nam

435 1709 623 1782 pronomine
656 1705 732 1786 ἀμάς
766 1706 969 1768 adverbiisve
1003 1708 1077 1767 inde
1109 1707 1257 1767 formatis
1289 1709 1403 1782 poetae
1433 1707 1514 1782 epici
1537 1719 1702 1778 nunqnam

434 1812 513 1868 sunt
545 1809 607 1888 usi,
639 1809 668 1870 si
695 1824 797 1870 unum
828 1808 937 1870 locum
968 1807 1083 1870 dubiae
1113 1807 1187 1869 lidei
1213 1831 1232 1866 α
1259 1809 1300 1869 10
1324 1804 1459 1885 (ἁμόθεν)
1484 1807 1702 1882 neglegimus,

433 1913 599 1984 praeterea
629 1909 723 1972 facile
754 1911 801 1970 sic
832 1909 1032 1984 intellegitur
1063 1909 1158 1984 plane
1190 1908 1276 1970 idem
1304 1907 1505 1983 significasse
1528 1907 1703 1982 particulas

431 2031 483 2070 κεν
517 2013 551 2073 et
580 2006 629 2086 dv,
658 2026 716 2072 nec
750 2011 871 2070 mirum
901 2010 1000 2084 igitur
1023 2010 1138 2071 eadem
1161 2011 1285 2070 ratione
1308 2025 1380 2071 esse
1403 2010 1564 2070 adbibitus
1591 2003 1621 2084 ¹),
1644 2007 1702 2068 sed

435 2110 517 2172 alies
540 2111 692 2173 Graeciae
714 2112 828 2186 gentes
852 2110 918 2187 ilia,
944 2111 1027 2170 allas
1050 2111 1110 2172 bec
1134 2125 1212 2170 usas
1236 2125 1318 2170 esse.

436 2268 439 2276 .
479 2211 540 2272 Sed
571 2211 714 2272 multum
744 2211 837 2273 abest
868 2210 962 2271 utin
985 2211 1077 2272 textu
1101 2213 1228 2286 recepto
1252 2211 1433 2271 carminum
1457 2209 1703 2270 Homericomm

434 2313 541 2374 solum
571 2316 642 2384 sele)
673 2313 867 2388 reperiatur;
898 2313 1000 2372 immo
1027 2312 1139 2386 quinto
1166 2327 1292 2387 quoqne
1315 2311 1384 2372 loco
1407 2310 1525 2385 legitur
1546 2306 1594 2369 dv.
1618 2310 1703 2385 Quos

434 2414 522 2475 locos
544 2416 602 2475 aut
624 2415 751 2489 spurios
769 2429 842 2474 esse
866 2417 923 2475 aut
948 2415 1062 2475 vitiose
1086 2415 1221 2475 traditos
1242 2414 1464 2475 demonstrare
1486 2413 1632 2473 conabor.
1654 2413 1677 2479 ²)

481 2518 598 2592 Aptius
620 2518 731 2578 autern
755 2517 885 2577 initium
905 2517 1033 2578 invenio
1053 2517 1180 2578 nullum
1200 2531 1299 2591 quam
1320 2517 1417 2577 verba
1434 2514 1570 2577 Achillis
1590 2517 1608 2572 l
1618 2515 1698 2574 libii:

659 2614 749 2696 ὄψεαι
770 2612 810 2696 ἢν
831 2613 983 2700 ἐθέλῃσθα
1004 2613 1055 2676 sul
1077 2615 1113 2676 αἴ
1131 2614 1183 2676 κέν
1205 2638 1249 2677 τοι
1271 2614 1306 2677 τὰ
1328 2616 1450 2701 μεμήλῃ.

439 2719 569 2796 Egregie
604 2721 691 2782 enim
725 2720 786 2782 boc
819 2719 942 2780 dictum
972 2719 1094 2780 indicat
1123 2719 1154 2780 id
1185 2721 1269 2794 quod
1292 2735 1419 2796 semper
1446 2717 1620 2780 tenendum
1650 2717 1702 2777 est

435 2823 477 2885 iis
508 2823 563 2898 qui
593 2823 626 2884 ln
655 2821 766 2897 lingue
796 2821 977 2899 Homerica,
1009 2821 1039 2882 ld
1063 2823 1115 2883 est
1137 2823 1169 2884 in
1193 2820 1322 2898 linguae
1344 2821 1484 2884 Graecae
1506 2818 1699 2897 primordiis,

442 2999 627 3010 01——

469 3113 490 3182 ¹)
508 3117 604 3173 „Einen
629 3115 933 3164 Funltionsuntersobied
959 3116 1085 3163 selecheu
1107 3116 1137 3162 dv
1159 3116 1212 3162 und
1231 3116 1269 3162 siv
1292 3117 1318 3162 iu
1336 3116 1382 3164 der
1399 3117 1570 3164 historischen
1588 3115 1700 3162 uitetur

436 3195 643 3257 ,nsehsnsrelseu
660 3195 695 3241 let
710 3195 809 3242 melnes
825 3193 967 3240 llrsohtens
984 3194 1051 3240 noch
1069 3193 1141 3240 nieht
1157 3191 1302 3251 seiungeffl
1318 3195 1467 3252 Brugmsun
1486 3194 1590 3240 Grieob.
1611 3194 1700 3240 (imm-

434 3274 495 3318 mst.
514 3273 578 3319 ieet
596 3285 621 3332 p.
640 3274 696 3320 loa.
712 3297 746 3307 -
762 3274 825 3319 Post
841 3273 906 3319 silos
923 3275 1055 3320 tentarunt
1071 3273 1098 3320 0.
1117 3273 1259 3319 Τὴίοιιιιιιιι
1277 3272 1433 3332 Grundsdge
1450 3273 1495 3320 der
1512 3273 1582 3320 bom.
1598 3271 1699 3319 Hosius·

435 3351 527 3408 syntex
546 3351 618 3408 1881,
635 3351 664 3398 Δ.
681 3350 823 3396 Polssohek
840 3349 959 3408 Beltrtge
977 3363 1024 3396 sur
1032 3349 1187 3396 llrlrenntnls
1201 3351 1247 3396 der
1260 3349 1391 3397 Partilrelu
1399 3351 1429 3396 dv
1437 3351 1490 3397 und
1499 3351 1544 3404 siv,
1555 3349 1700 3398 Jsbreeber.

435 3425 481 3472 des
498 3427 679 3486 Gymnseiume
695 3429 720 3474 in
736 3427 891 3475 (isernosrits
910 3429 974 3475 1880
992 3431 1019 3474 ο1
1031 3429 1104 3475 1881.
1122 3428 1170 3474 llio
1185 3429 1224 3474 vir
1241 3427 1332 3475 doctus
1346 3431 1484 3488 postquam
1499 3428 1623 3487 ungulari
1640 3441 1700 3474 curs

435 3518 525 3553 omues
548 3506 619 3554 locos
640 3509 754 3554 veterum
779 3508 913 3568 poetsrum
939 3507 984 3565 qui
1001 3507 1052 3553 buo
1072 3506 1171 3553 sscinnt
1187 3506 1293 3566 collegit
1313 3509 1391 3566 stqne
1409 3507 1525 3566 digessit,
1542 3507 1700 3554 demonstre-

436 3586 491 3631 tnm
509 3584 556 3632 ivit
568 3585 635 3632 inter
651 3585 790 3646 psrtioulss
806 3603 845 3632 xer
864 3588 891 3632 et
907 3585 936 3632 dv
957 3586 1006 3632 boe
1023 3585 1156 3642 interesse,
1174 3585 1243 3644 quod
1260 3585 1409 3634 dubitanter
1434 3587 1587 3634 slilrmsntls
1605 3586 1639 3632 eit
1655 3603 1701 3638 sev,

436 3662 583 3711 dubitanter
608 3666 725 3723 negsutis
746 3664 782 3720 dv,
808 3665 957 3712 verisimilis
983 3665 1063 3724 igitur
1088 3663 1195 3712 indiosri
1220 3678 1270 3726 ope
1296 3666 1401 3713 voculae
1427 3684 1472 3720 sss,
1497 3679 1564 3726 quse
1584 3679 1643 3714 vero
1659 3665 1701 3712 ris

437 3741 570 3790 credibilis
591 3741 725 3791 rideantur
746 3743 871 3805 loquenti,
892 3757 941 3804 ope
960 3743 1100 3804 perticulse
1119 3744 1154 3790 tv.
1171 3743 1253 3800 Qusm
1271 3746 1418 3806 opinionem
1435 3745 1471 3792 its
1488 3749 1576 3792 tuetur
1592 3747 1621 3792 ut
1636 3757 1658 3790 e.
1675 3755 1700 3801 g.

436 3832 538 3869 versum
564 3827 579 3868 1
601 3823 647 3870 801
675 3829 715 3870 νῦν
737 3827 782 3884 γάρ
807 3823 831 3884 χ’
853 3823 944 3887 Ἕκτορ’
971 3826 1036 3877 llere,
1061 3825 1108 3870 luel
1132 3822 1162 3869 ἂν
1183 3827 1247 3881 μάλα
1271 3839 1305 3870 ses
1323 3825 1409 3884 σχιδόν
1426 3825 1492 3871 lidos
1511 3826 1604 3870 vacht:
1625 3823 1701 3881 „julat

435 3901 529 3948 lrsnust
552 3900 587 3948 du
611 3902 640 3960 is
656 3902 798 3950 viel-leioht
814 3903 856 3960 (=
872 3903 932 3950 sehr
949 3899 1038 3962 leichl)
1064 3902 1176 3950 llelstors
1192 3902 1300 3950 hslrhsit
1317 3903 1426 3965 werden,
1443 3903 1569 3950 nsehsiem
1586 3917 1615 3949 or
1632 3901 1701 3948 nieht

435 3980 515 4029 lelcbt
537 3982 564 4029 in
589 3981 664 4030 deluo
688 3983 759 4032 utne
776 3982 954 4044 gelrommeffl,
978 3995 1009 4029 ex
1026 3982 1074 4028 lise
1091 3983 1159 4030 enlm
1176 3983 1293 4030 versione
1311 3995 1435 4043 apparere
1453 3983 1515 4039 „wie
1535 3981 1700 4028 ririiuotlviert

434 4075 463 4110 es
480 4063 514 4110 ist
531 4076 602 4110 wenn
619 4063 908 4118 neeueeii...srueee.
928 4065 976 4111 inst
993 4066 1056 4123 μάλα
1073 4078 1107 4110 τοι
1118 4063 1205 4124 opidis
1222 4058 1279 4124 ollae
1295 4077 1328 4110 an
1345 4061 1595 4125 loeeuvoreoliliigt”.
1613 4061 1701 4110 tr'stoor

435 4155 525 4190 novem
544 4142 610 4190 iisne
627 4143 768 4192 doctrinam
787 4143 850 4192 mibi
868 4157 917 4190 non
936 4142 1063 4206 eddicere,
1081 4142 1127 4190 sed
1145 4143 1188 4191 slii
1205 4143 1322 4192 viderint
1733 4134 1737 4144 ’

468 4219 489 4286 ¹)
507 4223 646 4282 Sequentis
670 4225 758 4284 psuols
782 4223 935 4284 quibusdem
954 4221 1175 4271 observationibus
1192 4223 1287 4270 sdditls
1304 4225 1394 4272 itersts
1411 4227 1471 4271 snrrt
1487 4238 1519 4272 ox
1537 4225 1700 4284 Miremoeyno

437 4302 500 4349 1887
519 4315 577 4362 pag.
596 4304 627 4350 ib
647 4317 718 4363 eqq.;
739 4317 805 4364 qnae
823 4305 1005 4352 commentatio
1022 4305 1132 4351 maxims
1151 4316 1181 4350 ex
1198 4307 1272 4363 perte
1291 4319 1423 4352 assensum
1441 4305 1501 4351 tulit
1527 4304 1618 4352 iudicis
1635 4305 1699 4364 perl-

435 4381 527 4428 tlsslml
553 4383 641 4429 ilonro
664 4385 738 4430 iloni.
762 4384 908 4431 Grsmmsr¹
931 4398 956 4444 p.
980 4385 1041 4445 88βι
1063 4385 1099 4440 ,it
1115 4385 1137 4430 is
1159 4383 1309 4443 impossible
1327 4388 1353 4431 to
1370 4384 1436 4441 deny
1454 4384 1498 4430 ibe
1516 4384 1658 4431 soundness
1674 4383 1703 4428 oi

435 4459 495 4514 „tire
519 4460 659 4520 principles
683 4473 716 4506 on
740 4462 822 4508 which
848 4475 897 4508 rsn
922 4463 1047 4510 Lesnsren
1074 4463 1150 4509 bases
1172 4462 1213 4509 his
1239 4461 1357 4520 inqulry”
1383 4465 1444 4520 eto.;
1472 4462 1593 4508 nonnulle
1614 4465 1698 4508 sutem

434 4537 524 4584 llorere
548 4538 641 4587 mellus
667 4552 744 4599 quem
771 4553 819 4600 ego
845 4539 1042 4600 sdministrsvit,
1067 4542 1140 4588 culus
1162 4539 1383 4588 observationibus
1406 4553 1468 4588 nens
1485 4553 1542 4588 eum
1559 4554 1619 4587 enm
1636 4553 1700 4600 quse

435 4617 588 4677 seripsersm
605 4618 742 4666 retrsotsrl
760 4631 791 4665 eo
809 4619 915 4667 oonsilio
933 4623 962 4666 nt
980 4620 1041 4668 bule
1059 4620 1125 4667 libro
1141 4620 1219 4667 inseri
1236 4622 1349 4680 possent

468 4695 554 4743 Uedio
578 4696 627 4743 boo
652 4697 756 4744 nebulo
781 4696 890 4745 eundem
916 4711 1020 4745 sumum
1047 4699 1162 4746 tenuisse
1189 4695 1278 4746 lllsdie
1302 4697 1427 4746 editorem
1453 4699 1482 4744 Τ.
1508 4697 1533 4744 8.
1559 4696 1700 4746 llrsudreth

436 4773 520 4832 (teti)
538 4773 590 4821 rldl
606 4786 638 4821 ex
654 4775 758 4822 Artbnrl
776 4773 846 4823 Plstt
859 4778 1073 4824 commentatione
1091 4776 1213 4825 Olsmlml
1232 4777 1331 4824 llevleu
1354 4778 1417 4824 1888
1435 4790 1460 4835 p.
1481 4777 1536 4822 ior.
