3952 5700
328 703 347 772 8
370 705 424 775 21]
936 705 978 764 95

328 890 350 952 l.
374 912 389 948 τ
413 891 487 966 408,
511 891 542 951 h.
573 889 633 964 Ap.
660 888 722 950 185
746 888 826 951 Ven.
851 890 925 966 265,
956 879 1149 970 δίεσίιιαριτος
1175 912 1195 950 ιι
1218 892 1293 968 510,
1324 877 1474 971 cloptuna,
1502 896 1594 954 notit-

328 989 456 1072 βότειρα,
484 988 664 1070 multandos,
691 978 885 1070 llutndt'tpm,
915 987 1120 1071 δϋίῖγόδειρος,
1149 983 1270 1066 diluas
1302 995 1326 1053 il
1358 997 1431 1057 765.
1464 993 1595 1058 Codices

328 1095 448 1155 habent
477 1091 663 1173 βωτιάνειρα,
692 1089 900 1173 ὠίετίκαρτιας,
930 1091 1091 1170 οὐίόμενος
1110 1093 1143 1170 ¹),
1167 1093 1393 1174 depinxerimus,
1416 1095 1537 1174 οἰέτεας,
1559 1099 1592 1159 in

328 1195 461 1256 vocibus
483 1197 593 1256 autem
617 1209 699 1268 quae
722 1210 742 1255 a
763 1198 855 1254 αοίυ-
876 1195 1033 1269 incipiunt
1055 1195 1140 1256 inter
1162 1216 1178 1254 ο
1202 1197 1236 1256 et
1257 1217 1293 1256 ov
1317 1197 1453 1258 variant.

372 1297 563 1357 Addendnm
583 1298 634 1356 est
653 1297 791 1358 fortasse
809 1290 1034 1375 αρῡφανέεσθαι
1057 1295 1116 1365 (sic
1136 1311 1197 1356 van
1210 1296 1405 1358 Herwerden
1424 1313 1481 1373 pro
1493 1307 1594 1375 πρῶτα

328 1400 502 1471 φανεῖσθαι)
532 1421 553 1474 μ
577 1399 650 1458 230.
682 1398 790 1458 Etiam
816 1397 949 1458 nomina
967 1389 1124 1476 Ὠρείθυια
1146 1400 1176 1454 Σ
1198 1398 1250 1473 48,
1273 1394 1442 1476 Δουλίχιον,
1456 1392 1595 1478 Ὠίίρίων,

328 1497 391 1558 huc
406 1498 565 1574 pertinere
585 1498 745 1576 videntur,
765 1515 848 1573 quae
863 1493 1018 1578 Ὀρεΐθυια
1033 1493 1133 1577 (ὄρος),
1147 1497 1284 1576 Δολίγιον
1304 1495 1451 1576 (titana),
1468 1491 1594 1578 Ὀαρίαν

326 1595 434 1679 (ὄαρες,
463 1594 579 1679 tacito)
610 1599 688 1661 olim
718 1600 819 1661 fuisse
843 1599 1020 1662 verisimile
1042 1600 1110 1675 est;
1135 1599 1174 1660 de
1197 1599 1312 1660 ultimo
1336 1599 1375 1660 ci.
1401 1599 1531 1661 lienrad
1553 1600 1593 1662 de

328 1699 434 1761 Oontr.
457 1715 487 1776 p.
516 1702 566 1760 13.

370 1850 523 1910 vocalem
554 1873 587 1910 υ-
614 1851 751 1924 denique
774 1851 952 1924 producunt
974 1865 1069 1911 voces
1092 1845 1282 1927 ίαναμένοια,
1304 1845 1476 1929 θαγᾶιίρες,
1495 1855 1593 1912 αντα-

326 1947 443 2029 νόεσαα,
464 1938 601 2028 ιιῦαίνεας,
622 1949 838 2029 Κῦᾶναχαίτης,
859 1947 1037 2023 κῦᾶνόττεζα,
1058 1937 1262 2028 ὑλακόμαρας,
1286 1948 1466 2027 Φῦίαιιίδης.

371 2101 407 2160 In
442 2101 577 2176 propriis
600 2101 793 2176 quibusdam
815 2101 1000 2163 nominibus
1022 2102 1102 2161 haec
1124 2099 1289 2176 productio
1311 2102 1425 2175 postea
1447 2116 1592 2177 perman·

326 2203 386 2278 sit;
407 2204 455 2265 sic
475 2203 624 2284 Τειρεσίης
643 2206 677 2266 et
696 2204 854 2284 Δουλίχιον
875 2206 908 2266 et
923 2197 1080 2284 Ὠρείθυια
1099 2203 1200 2264 etiam
1220 2203 1415 2265 recentiores
1432 2203 1590 2280 (licebant,

326 2307 359 2366 ot
384 2305 526 2367 Εἰνοδίαν
545 2309 704 2370 vocabant
723 2309 819 2370 deam
837 2309 961 2370 Lunam
974 2308 1007 2369 in
1020 2307 1158 2369 dictione
1170 2306 1295 2383 poetica
1315 2306 1366 2376 (ei.
1379 2306 1452 2368 lior.
1466 2307 1503 2368 fr.
1517 2308 1593 2385 310,

326 2409 476 2471 Valcken.
509 2411 642 2473 Diatrib.
673 2427 703 2486 p.
731 2411 815 2488 tor),
848 2408 1025 2471 Ποαλαιίαν
1056 2411 1167 2470 autern
1193 2409 1335 2470 hominis
1357 2424 1398 2470 ex
1422 2409 1593 2472 Hermoco·

325 2511 472 2585 pidarum
503 2527 604 2574 causa
626 2512 838 2574 famosissimi
864 2514 935 2573 erat
956 2526 1074 2573 nomen
1098 2511 1132 2571 et
1153 2508 1328 2581 πουλύπους
1351 2511 1489 2571 Athenis
1511 2512 1592 2574 dice·

326 2612 419 2674 batur
441 2613 539 2690 lolipo,
563 2612 591 2674 si
615 2612 695 2675 tides
716 2614 884 2675 Athenaeo
905 2613 965 2673 VII
989 2627 1019 2688 p.
1044 2613 1119 2673 316.

370 2715 576 2776 Recentiores
608 2731 684 2776 vero
713 2717 826 2791 poetae
849 2730 924 2776 cum
948 2714 994 2775 rei
1017 2713 1177 2775 radonem
1203 2728 1319 2788 parurn
1342 2713 1593 2790 perspexissent,

326 2832 388 2880 non
418 2817 525 2879 solnm
557 2807 673 2896 ἕαρινός
696 2814 845 2898 (εἰαρινός)
868 2816 973 2879 dicere
999 2815 1234 2892 sustinuerunt,
1265 2813 1349 2889 quod
1371 2816 1591 2878 necessarium

326 2919 523 2995 licitumque,
559 2921 616 2981 sed
650 2920 751 2980 etiam
782 2918 879 2999 εἴαρος
910 2921 941 2980 h.
976 2919 1044 2980 cer.
1071 2919 1132 2980 174
1157 2919 1288 2979 Theocr.
1312 2919 1372 2979 VII
1396 2920 1436 2980 97
1461 2919 1524 2980 XII
1549 2921 1592 2979 30

326 3020 404 3081 XIII
428 3023 469 3082 26
494 3021 583 3082 Bion.
608 3021 652 3081 VI
678 3023 707 3096 1,
731 3019 805 3100 εἴαρι
828 3020 960 3083 Τίιαοατ.
984 3021 1095 3082 XXIII
1115 3022 1156 3080 29
1176 3021 1320 3082 Bionvl
1344 3022 1394 3098 17,
1416 3012 1479 3100 είαρ
1503 3021 1592 3082 Bion.

325 3121 368 3182 VI
402 3123 452 3200 15,
475 3138 557 3195 quae
580 3123 713 3184 inutiles
736 3124 813 3184 sunt
834 3124 1059 3200 productiones
1083 3124 1117 3184 et
1138 3122 1280 3184 Homero
1309 3122 1412 3183 indice
1436 3123 1592 3185 soloecee.

369 3225 476 3286 Etiam
511 3241 608 3287 voces
642 3226 814 3287 nonnullas
848 3227 948 3287 trium
979 3225 1127 3287 brevium
1158 3225 1358 3300 syliabarum
1388 3225 1422 3284 in
1456 3225 1594 3287 dictione

326 3327 415 3401 epica
448 3327 621 3402 producere
650 3327 811 3401 syllabam
842 3328 1012 3404 initialem,
1041 3328 1090 3388 ita
1117 3328 1155 3387 ut
1177 3326 1344 3400 dactylum
1367 3325 1519 3404 efficiant,
1542 3328 1592 3388 de

326 3429 506 3490 monstrare
529 3429 654 3490 studuit
677 3429 812 3490 Schulze
836 3430 964 3506 Quaest.
984 3428 1069 3503 Epic.
1090 3444 1120 3504 p.
1142 3429 1205 3489 203
1224 3443 1305 3505 sqq„
1326 3427 1449 3488 formas
1468 3424 1595 3505 οὕνομα,

326 3520 414 3608 φᾶεα,
448 3523 524 3609 ἔαρι,
558 3523 644 3611 dopo,
673 3529 788 3606 μείλανι
822 3530 854 3588 ,Ω
889 3531 941 3606 79,
972 3528 1067 3607 τείρεα
1098 3531 1129 3588 Σ
1158 3530 1233 3605 485,
1265 3527 1377 3589 πείκετε
1408 3531 1514 3590 α316
1546 3529 1594 3590 lta

325 3631 531 3706 explicandas
554 3647 626 3692 esse
648 3633 834 3693 autumans.
859 3629 916 3691 cui
940 3630 1076 3691 minime
1098 3629 1344 3704 adstipulamur.

369 3833 506 3895 Radices
528 3832 715 3910 dlsyllabae
739 3847 822 3908 quae
845 3830 1003 3909 incipiunt
1024 3848 1045 3892 a
1068 3831 1171 3893 vocali
1193 3831 1284 3892 brevi
1310 3844 1414 3904 neque
1434 3830 1592 3906 positione

325 3937 488 4015 producta,
512 3936 545 3998 in
569 3937 700 4011 longam
724 3935 871 3999 vocalem
894 3936 977 3997 hanc
997 3934 1128 3997 mutant
1151 3949 1226 3996 cum
1250 3933 1398 3997 vocabuli
1421 3932 1591 4010 compositi

325 4039 469 4102 eiilciunt
490 4041 616 4116 partem
639 4039 861 4115 posteriorem.
888 4039 922 4100 lt.
947 4055 995 4114 g.:

414 4147 471 4215 (dit
501 4134 570 4223 i'lyco
583 4175 626 4186 -
638 4137 803 4223 ὁμηγερέες,
824 4137 1075 4222 ὁμηγυρίσασθαι,
1096 4134 1304 4220 θυμηγερέων,
1328 4134 1546 4219 νεφεληγερέτα.

502 4235 554 4324 dep
565 4277 608 4286 —
623 4241 772 4323 μετήορος.

501 4337 573 4405 ἄκεα
583 4377 626 4388 -
639 4341 807 4422 ἀνήκεστος.

361 4625 381 4693 ¹)
398 4629 437 4677 nd
458 4641 581 4689 praesens
599 4626 715 4686 ignotnm
733 4626 831 4686 οὔλαμαε
847 4627 944 4675 reterre
962 4625 1048 4674 conati
1065 4629 1126 4673 sont
1142 4626 1246 4674 curtino
1262 4627 1289 4674 et
1311 4625 1364 4686 alii,
1387 4637 1452 4685 qnos
1474 4623 1549 4673 docto
1567 4625 1594 4672 at

324 4710 427 4769 copiose
450 4707 574 4756 refutavit
594 4706 704 4754 scholae
726 4705 831 4762 aneet.
848 4707 895 4766 Ep.
914 4719 939 4766 p.
959 4707 1006 4753 19²
1024 4718 1090 4766 sqq„
1108 4704 1267 4752 Clausentum
1286 4707 1404 4762 secutum
1428 4705 1526 4751 nnffloit
1542 4704 1593 4750 ior-

324 4791 393 4835 tasne
415 4787 543 4834 indicam
566 4784 722 4842 tragicomm
744 4784 815 4832 locos
837 4785 882 4831 obl
899 4786 1006 4842 ὀλόμενος
1025 4784 1093 4831 idem
1114 4783 1243 4842 significat
1257 4783 1328 4842 qnod
1345 4783 1447 4843 opicum
1465 4785 1593 4842 εὐλίμενος,

323 4867 382 4914 Eur.
399 4865 456 4913 Hel.
475 4867 521 4913 ²31
539 4865 672 4914 Phoenice.
693 4867 756 4912 rouo
775 4865 858 4912 Ornet.
879 4867 941 4912 1364
960 4866 1009 4912 eto.
