3880 5726
956 679 1019 738 332
1498 679 1526 750 [ἓ
1553 682 1614 738 130

397 862 422 922 ll
445 863 618 938 posteriore
643 880 718 926 vero
737 880 852 940 genere
876 864 1094 945 sublimior,
1113 864 1226 944 iflico,
1244 865 1366 944 ἔλαθον,
1385 865 1502 946 ἔταμον,
1520 865 1615 947 ἔβαλε,

353 960 438 1043 ἔφερε
467 964 612 1040 aliaeque
642 967 765 1028 formae
794 969 967 1029 sexcentae
990 969 1168 1044 imperfecti
1190 971 1287 1043 ablue
1309 970 1431 1047 aurien,
1456 986 1538 1044 quae
1561 971 1612 1030 tri·

352 1065 494 1139 brachya
516 1065 676 1144 afliciunt;
701 1069 758 1140 aut
785 1069 873 1129 enlm
901 1070 1065 1144 postrema
1084 1072 1200 1130 harum
1230 1071 1357 1144 syllaba
1384 1071 1518 1131 elisione
1545 1072 1615 1131 erat

352 1165 547 1226 deportanda
581 1167 632 1227 uel
662 1167 820 1241 positione
843 1167 1078 1243 amplificanda,
1110 1172 1168 1228 aut
1198 1169 1364 1229 abicienda
1393 1171 1464 1229 erat
1489 1169 1614 1242 syllaba

353 1262 496 1324 initialis.
524 1265 614 1326 Idem
639 1265 726 1326 valet
748 1266 787 1325 de
811 1265 924 1325 iormls
947 1267 1167 1341 antispastum
1199 1282 1295 1341 quem
1320 1269 1430 1328 dlount
1452 1267 1614 1328 efficienti·

354 1364 413 1424 bus
436 1368 563 1438 (ra-w)
586 1361 743 1442 ἕβόμβησε,
768 1360 930 1443 ἅνώρονσε,
951 1362 1105 1426 ἐπίτναντο
1129 1367 1189 1428 ebo.

396 1465 449 1526 Sic
482 1466 515 1526 ln
549 1467 619 1527 arte
654 1467 859 1527 vetustorum
894 1469 1061 1527 cautorum
1096 1467 1219 1528 sensim
1253 1467 1428 1529 increbruit
1458 1482 1530 1528 mos
1557 1481 1614 1541 pro

353 1565 452 1627 nihilo
486 1565 676 1628 numerandi
707 1569 919 1640 augmentum
949 1582 1023 1627 cum
1050 1567 1243 1641 syllabicam
1266 1569 1336 1628 tum
1361 1565 1548 1642 temporale.
1569 1568 1613 1627 Sl·

353 1666 452 1727 lentio
474 1681 618 1740 unquam
640 1667 680 1728 ab
703 1667 744 1728 iis
765 1667 866 1727 luisse
889 1668 1166 1743 praetermissum,
1189 1668 1222 1728 id
1243 1684 1306 1729 non
1320 1657 1321 1660 ’
1337 1669 1443 1742 magle
1465 1666 1614 1728 credibile

348 1766 476 1827 videtur
499 1782 596 1841 quam
619 1767 763 1841 syllabas
785 1782 868 1841 quae
891 1766 1056 1828 elidendae
1079 1771 1171 1827 erant
1194 1768 1234 1828 ab
1258 1768 1299 1828 lle
1321 1783 1393 1828 esse
1417 1767 1548 1842 recisas,
1567 1768 1616 1827 ita

349 1868 386 1927 ut
407 1867 493 1928 inter
514 1865 609 1947 typrlr)
632 1869 666 1928 et
687 1865 791 1946 tygris)
814 1867 866 1928 vel
889 1867 973 1928 inter
997 1863 1114 1946 rixatur)
1137 1871 1170 1929 et
1201 1865 1305 1946 εὔχου)
1328 1867 1454 1929 nullum
1476 1867 1613 1942 percipe

350 1968 439 2028 retur
460 1968 643 2029 discrimen.
667 1967 728 2029 Sed
750 1968 834 2042 quod
856 1968 897 2028 ad
920 1983 1073 2030 numeros
1094 1968 1271 2044 dactylicos
1293 1969 1461 2046 attinebat,
1485 1969 1614 2044 perinde

350 2069 420 2129 erat
450 2071 562 2130 utrum
583 2070 713 2132 adesset
734 2072 946 2144 augmentum
970 2085 1089 2146 necne;
1122 2073 1203 2132 ratio
1227 2086 1381 2133 versuum
1404 2072 1459 2132 ubi
1482 2072 1614 2148 ferebat,

349 2169 543 2243 syllabicum
564 2172 776 2245 augmentum
800 2173 894 2233 extra
917 2186 1032 2232 versus
1054 2186 1207 2233 numeros
1231 2172 1446 2234 collocabatur
1467 2170 1499 2247 ¹),
1521 2185 1614 2245 quae·

350 2285 412 2344 que
442 2271 613 2346 temporali
635 2274 810 2346 augmento
835 2273 989 2334 extensae
1020 2274 1112 2333 erant
1134 2273 1272 2350 vocales,
1295 2287 1351 2348 pro
1373 2271 1508 2347 syllabis
1532 2273 1614 2333 ancl·

352 2370 472 2446 pltlbus
496 2372 704 2434 habebantur.

396 2473 498 2552 Quem
534 2489 609 2536 vero
640 2489 765 2536 morem
796 2478 987 2551 pepererunt
1017 2474 1187 2536 verborum
1215 2475 1409 2536 Graecorum
1433 2473 1556 2536 indoles
1579 2477 1613 2536 et

350 2576 487 2639 metrica
520 2577 709 2654 necessitas,
746 2577 774 2637 is
804 2577 916 2640 deinde
946 2578 1045 2639 latius
1072 2576 1233 2652 latiusque
1263 2578 1418 2655 ortloruit;
1443 2579 1611 2654 passivum

349 2676 476 2758 ἀγόμην,
497 2680 581 2754 quod
605 2681 827 2741 necessarlum
850 2682 928 2758 erat,
952 2681 1075 2756 peperit
1093 2681 1237 2742 activum
1260 2678 1344 2760 ἄγον,
1367 2697 1430 2756 quo
1450 2698 1503 2743 are
1523 2683 1613 2758 epioe

348 2782 557 2857 supersedere
580 2783 756 2858 potuisset;
782 2783 815 2843 et
837 2798 914 2843 mox
937 2783 1100 2856 quodlibet
1120 2785 1332 2858 augmentum
1352 2784 1495 2857 qualibet
1518 2785 1611 2844 hexa-

350 2882 447 2943 metri
468 2884 545 2943 sede
568 2885 662 2945 extra
683 2898 836 2944 numeros
858 2899 973 2945 versus
996 2883 1144 2945 collocari
1163 2899 1257 2960 posse
1281 2885 1458 2962 videbatur,
1478 2886 1612 2960 passim·

350 2997 412 3056 que
448 2997 487 3044 ea
514 2982 663 3044 libertate
693 2984 745 3044 usi
768 2985 846 3043 sunt
869 2986 1033 3058 cantorem
1057 2985 1180 3044 formae
1211 2976 1263 3063 ἆγε
1286 2975 1359 3062 (ἦγε)
1382 2981 1460 3064 -eiya
1483 2986 1534 3047 vel
1557 2978 1613 3044 elle

350 3078 419 3141 -i'lr
442 3083 555 3144 eodem
575 3084 641 3144 iam
665 3083 733 3144 iure
753 3083 945 3144 tenebantur
975 3100 1037 3158 quo
1062 3073 1145 3160 Ἆρες
1167 3080 1290 3162 -Ἅρες,
1320 3083 1448 3160 μείονος
1471 3121 1484 3131 -
1496 3084 1613 3164 pileos

349 3183 476 3256 aliaque
502 3184 697 3260 huiusmodi,
728 3199 810 3258 quae
840 3185 873 3245 in
903 3184 1013 3258 lingua
1047 3185 1135 3259 eplea
1169 3185 1418 3258 haudquaquam
1441 3201 1514 3247 rara
1535 3189 1613 3246 sunt

350 3283 425 3353 (vid.
449 3283 467 3353 t
494 3283 533 3343 18
558 3289 590 3345 et
613 3285 676 3354 38).
711 3283 869 3346 Concessa
899 3286 1008 3345 autem
1041 3285 1120 3346 haec
1142 3285 1275 3345 libertas
1301 3285 1334 3344 in
1358 3285 1397 3346 ils
1420 3287 1609 3361 praesertim

349 3385 438 3445 sonis
473 3385 574 3445 videri
608 3367 726 3460 diruit,
761 3399 841 3458 quos
875 3385 1020 3458 sequitur
1054 3384 1193 3446 voeatis:
1228 3381 1330 3460 σοον,
1363 3384 1449 3462 eree,
1481 3383 1612 3463 οσοοην,

350 3479 438 3563 ἄειρε,
459 3479 548 3559 ἄειδε,
566 3479 674 3561 ἀέξετο,
691 3481 765 3561 dev,
782 3481 994 3562 ἀολλίσθησαν,
1012 3481 1119 3559 ἄυσαν,
1137 3482 1235 3560 ἔασας,
1253 3483 1372 3561 ίαίνετο,
1389 3483 1500 3562 bellov,
1514 3485 1613 3563 ἴαυον,

349 3585 489 3663 epotata,
516 3583 563 3660 ἴεν,
585 3579 731 3662 orticaria,
753 3579 880 3662 ὀίσσατο,
902 3588 980 3660 0th
1006 3586 1067 3647 vld.
1092 3587 1110 3656 ἓ
1135 3586 1185 3647 17.
1210 3586 1310 3648 llulto
1333 3586 1444 3647 butem
1468 3585 1611 3661 hequen·

350 3685 417 3745 tlue
445 3684 623 3760 temporale
653 3688 864 3760 augmentum
895 3701 993 3761 quam
1017 3686 1209 3761 syllabicam
1232 3687 1302 3747 sine
1330 3687 1417 3747 iusta
1440 3702 1539 3748 causa
1560 3703 1611 3748 ne·

350 3785 494 3861 gleotum
518 3788 578 3848 est.

394 3888 517 3964 Nempe
550 3889 638 3950 iusta
672 3904 771 3950 causa
803 3892 874 3951 tum
908 3891 1040 3951 demum
1073 3890 1165 3950 deest
1198 3905 1273 3951 curn
1305 3890 1402 3965 verbi,
1433 3889 1516 3964 quod
1542 3890 1612 3950 sine

285 4033 287 4039 ι
351 3991 503 4051 molestia
524 3990 715 4050 hexametro
737 3991 836 4051 inseri
858 3992 975 4067 potest,
998 3993 1212 4065 augmentum
1231 3989 1404 4064 negligitur
1421 3995 1491 4066 poet
1513 4005 1612 4051 coneo

350 4106 438 4168 aaut,
462 4105 565 4164 neque
588 4089 798 4152 antecedente
821 4106 956 4153 caesura
977 4093 1035 4152 eut
1057 4092 1202 4152 diaeresi.
1226 4091 1259 4152 lt.
1283 4105 1313 4166 g.

357 4285 547 4297 u—-—-

385 4407 403 4470 ¹)
420 4411 446 4460 Sl
468 4412 527 4472 quis
550 4412 656 4474 mavult,
679 4413 715 4460 ita
740 4412 790 4461 eibi
813 4413 949 4462 informato
972 4425 1036 4475 rom,
1057 4411 1147 4460 eodone
1165 4411 1232 4459 euim
1250 4411 1328 4458 rodit:
1347 4411 1478 4470 uugmouti
1497 4411 1612 4470 syllabici

349 4505 518 4564 quantitatem
542 4505 623 4553 iniaae
646 4518 732 4553 morae
756 4504 904 4553 dimidiatae
927 4479 997 4582 ω),
1014 4504 1129 4563 syllabae
1151 4507 1236 4551 autem
1260 4503 1395 4564 temporali
1418 4507 1554 4563 augruerrto
1571 4517 1613 4550 ax·

350 4611 438 4656 tenne
460 4621 590 4675 morarum
609 4609 638 4668 lt
657 4573 729 4682 (ιῠ),
745 4607 806 4656 hino
828 4613 917 4669 poetae
937 4623 983 4670 pro
1000 4611 1028 4658 r'e
1045 4611 1105 4656 uata
1121 4607 1273 4668 syllabicam
1293 4609 1459 4666 angmentum
1477 4607 1552 4655 ruodo
1568 4621 1616 4670 pro

350 4711 430 4757 nihilo
453 4710 529 4758 modo
545 4723 593 4771 pro
610 4713 664 4757 tota
680 4722 751 4756 mora
774 4677 835 4783 (Ji)
854 4723 1011 4771 numerasse,
1032 4711 1174 4772 temporale
1197 4709 1272 4758 ruodo
1289 4721 1336 4770 pro
1352 4709 1454 4756 duobus
1471 4711 1549 4757 morie
1566 4683 1615 4784 0)

349 4777 646 4886 mmmm
