3908 5724
314 667 432 744 erra,
458 668 533 740 1441
917 673 981 732 355

359 845 475 928 illia.
511 851 625 926 Verba,
661 866 797 925 quorum
830 867 984 927 praesens
1015 855 1048 914 ln
1072 842 1149 913 -ltvo
1172 855 1300 930 desiuit,
1324 872 1367 916 ex
1389 859 1499 920 Attica
1522 858 1584 918 dia·

313 949 397 1010 leelo
419 951 501 1010 satis
524 953 603 1010 sunt
623 953 716 1026 nota;
738 967 934 1025 quamquam
953 953 1084 1014 liberius
1103 953 1268 1028 aliquanto
1284 956 1345 1017 irae
1357 957 1585 1018 terminatione

314 1051 449 1110 utuntur
479 1053 592 1125 poetae
625 1051 722 1127 epiol;
756 1051 926 1114 videantur
948 1041 1105 1112 ἀλυσκόἓνω
1135 1057 1179 1123 (=
1199 1051 1317 1116 ἀλύσκω
1342 1056 1393 1118 vel
1421 1053 1586 1129 ἀλυσκάζω)

313 1173 330 1228 χ
354 1153 428 1227 330,
450 1141 570 1211 uoltum
594 1156 637 1220 (ε
649 1151 793 1222 nolano)
813 1150 891 1216 uro
916 1155 1016 1214 1²42?
1031 1151 1061 1224 ¹).
1083 1155 1144 1215 Sed
1163 1156 1331 1217 insolitum
1344 1159 1396 1218 est
1412 1157 1509 1232 alpha
1521 1157 1585 1218 lon·

314 1266 402 1326 gum,
437 1267 500 1326 quo
535 1251 696 1312 Homerus
727 1255 913 1314 constanter
942 1255 1045 1314 ulitur
1076 1255 1109 1314 in
1141 1257 1247 1316 verbis
1278 1257 1411 1329 poeticis
1435 1248 1528 1317 ἱκάνω
1554 1261 1586 1328 (il

314 1346 411 1409 Ξἵκω
433 1352 452 1421 5
476 1353 538 1411 231
566 1352 645 1422 (Ati.
671 1347 866 1429 ἀφικνοῦμαι)
891 1355 924 1414 et
947 1345 1056 1431 κῖχὰνω
1079 1355 1097 1424 S
1122 1355 1196 1416 208.
1218 1357 1307 1416 Haec
1326 1357 1492 1430 productio
1515 1357 1588 1418 soni

313 1476 343 1528 α,
369 1467 451 1526 quae
475 1453 575 1512 ellam
599 1453 632 1512 in
655 1453 752 1515 verbo
775 1445 886 1529 φθὰνω
910 1454 939 1525 (s
962 1455 1037 1524 207)
1061 1455 1192 1516 dictioni
1223 1457 1331 1532 opicae
1363 1459 1492 1533 propria
1525 1459 1587 1534 est,

314 1554 448 1616 debetur
480 1555 642 1616 elemento
676 1576 695 1615 o
731 1555 802 1616 sive
831 1555 863 1630 f,
891 1557 973 1630 quod
1004 1559 1078 1632 post
1109 1557 1253 1620 litteram
1286 1580 1302 1616 ν
1332 1559 1483 1635 evanuit;
1508 1560 1587 1622 ollrn

315 1657 401 1718 enlin
427 1657 488 1718 filit
511 1654 638 1716 ἰκᾶ-νΰω
663 1653 807 1734 nexu-uum
826 1655 972 1732 φθᾶ-νΰω
996 1659 1066 1721 sive
1090 1657 1206 1720 lrdvfro
1230 1659 1362 1739 xrzdrfru
1387 1659 1535 1738 milev-fur,
1557 1661 1588 1722 id

272 1775 274 1780 ·
314 1759 398 1832 quod
428 1760 551 1834 primus
582 1761 643 1820 niel
675 1760 767 1822 fallor
791 1764 953 1837 perspexit
978 1764 1104 1824 Alrrens
1129 1763 1339 1839 Gonjugatlon
1363 1765 1422 1826 aui
1442 1788 1473 1841 μι
1495 1781 1524 1840 p.
1547 1766 1586 1826 21

315 1863 348 1922 el
371 1863 423 1923 34.
449 1863 494 1923 Gi.
519 1879 617 1938 supra
638 1865 656 1934 ὃ
680 1863 732 1925 38.

359 2059 476 2142 iiiii.
512 2065 628 2140 Magna
661 2083 736 2128 euru
771 2068 919 2130 libertate
953 2068 1064 2144 lingua
1099 2069 1272 2132 Homerica
1303 2086 1321 2131 e
1358 2070 1591 2146 monosyllabis

318 2167 487 2228 verborum
511 2168 676 2246 stirpibus,
700 2184 783 2244 quae
803 2170 1032 2232 inconsonam
1055 2172 1217 2244 desinunt,
1238 2188 1323 2234 nora
1343 2171 1441 2234 rerba
1461 2172 1589 2234 eiilnxit

315 2283 452 2342 quorum
474 2269 573 2345 stirps
596 2270 791 2332 terminatur
815 2272 926 2334 vooali.
960 2273 1113 2350 Qualibus
1138 2275 1246 2335 verbis
1270 2275 1433 2335 intensiva
1457 2275 1508 2336 vel
1532 2275 1590 2338 ire·

316 2371 506 2442 quentaiiva
529 2371 579 2430 vis
602 2374 653 2432 eet
675 2373 811 2447 propria,
835 2372 867 2433 ld
890 2375 973 2446 quod
997 2374 1178 2434 luculenter
1200 2374 1294 2435 docet
1314 2375 1503 2435 Latinorum
1525 2392 1591 2437 ver·

316 2471 430 2530 borum
451 2471 484 2531 ln
505 2475 581 2530 lore
600 2475 701 2542 (sore)
721 2475 912 2533 exeuntium
932 2476 1146 2548 compararim
1168 2489 1367 2546 quamquam
1382 2476 1464 2548 epiol
1476 2479 1590 2548 poetae

317 2570 493 2643 primitivis
528 2571 635 2630 verbis
669 2575 702 2632 et
732 2573 887 2633 derivatis
918 2575 988 2634 sine
1019 2573 1084 2632 ullo
1116 2573 1182 2633 iere
1210 2573 1395 2632 discrimine
1419 2589 1517 2648 saepe
1539 2575 1591 2635 usi

317 2670 404 2730 sunt.
428 2668 625 2731 videantur:

405 2767 499 2848 τρέμω
640 2767 784 2848 -τρομὲω,

406 2867 488 2950 φέρω
640 2869 765 2948 -φορέω
787 2869 808 2949 ἕ
833 2872 905 2950 114,
932 2874 1004 2948 195,
1029 2873 1103 2934 311.

406 2969 501 3052 τρὲπω
639 2973 783 3050 -τροπάω
805 2975 1040 3053 -τροπαλίξομαι
1062 2973 1082 3051 5
1108 2976 1182 3036 251.

403 3072 518 3153 ατρέφω
634 3075 798 3153 -σιροφάω
820 3077 1028 3158 -σιροφᾶλίζω
1063 3092 1137 3138 curu
1169 3077 1375 3138 substantivo
1411 3067 1588 3158 σεροφᾶλιγξ

447 3177 567 3250 ξ248.
598 3212 633 3222 -
659 3179 763 3240 Simili
788 3180 911 3240 rollone
942 3179 1084 3254 aalirpe
1118 3177 1205 3239 verbi
1235 3175 1352 3255 τρέφειν
1380 3178 1513 3242 ductum
1538 3184 1590 3242 est

447 3282 687 3342 substantivum
732 3280 872 3358 τροφᾶλίς
914 3281 979 3352 (nr.
1022 3280 1117 3355 Veap.
1154 3280 1217 3341 838
1254 3283 1337 3357 eto),
1380 3283 1464 3354 quod
1505 3284 1587 3358 apud

450 3383 630 3447 llouroruru
651 3387 760 3444 tauron
786 3399 847 3445 uon
873 3386 974 3446 exirit.

404 3485 485 3548 ἅπτω
637 3483 761 3564 -ἆφάω,

403 3585 506 3666 alosa
636 3585 782 3666 -πορθέω
805 3588 825 3664 ξ
848 3582 935 3652 211⁹.

404 3689 504 3769 στείχω
637 3689 777 3768 -στῖχάω,

680 3789 751 3868 ἴσχω
775 3791 886 3850 retineo
908 3826 921 3835 -
934 3778 1044 3868 ε’σχᾶνω
1067 3825 1081 3836 -
1094 3777 1232 3868 loviniis).

637 3883 651 3892 ”
682 3887 763 3969 oxion

403 3989 525 4072 εὔχομαι
634 4029 648 4038 -
661 3991 842 4072 εὐχετάομαι.

446 4097 568 4158 Eadem
590 4097 715 4158 ratione
739 4113 756 4158 e
780 4095 984 4158 substantivo
1007 4103 1092 4174 μῆτις
1116 4095 1232 4171 prodiit
1255 4092 1375 4174 μητιέτα
1398 4095 1418 4170 ξ
1444 4099 1495 4160 ul.

401 4197 507 4277 λάμπω
634 4235 647 4244 -
659 4197 824 4275 leporario).

402 4299 477 4358 ναίω
632 4299 791 4358 -ναιειάω,
816 4333 850 4343 -
872 4299 959 4361 Ooni.
993 4301 1125 4360 verbum
1158 4300 1434 4373 postlromerloum
1465 4305 1585 4377 μελετᾶν

445 4401 565 4462 aluum
588 4417 608 4461 a
630 4399 706 4477 μέλω
730 4401 816 4462 cordi
836 4417 919 4461 oum.

403 3845 458 3927 ἔχω
483 3851 590 3908 lunto‘

323 4563 507 4573 n—--u——a

348 4667 369 4737 ¹)
386 4671 551 4732 Trnglonrum
579 4673 685 4721 dictioni
711 4674 816 4734 proprie
839 4675 900 4721 enni
922 4665 1039 4736 φυγγᾶνω,
1060 4667 1174 4733 λιμπΰνω.
1192 4666 1302 4734 κιγχάνω.
1320 4673 1511 4723 Neroneum
1529 4675 1584 4736 (113-

314 4765 373 4799 num
402 4753 443 4800 est
468 4753 592 4812 tragicum
619 4753 728 4801 verbnm
753 4758 832 4809 nivo,
855 4767 922 4813 quea
948 4755 1091 4814 praesentis
1113 4755 1195 4802 formu
1217 4753 1336 4814 usurpari
1359 4754 1426 4803 solet
1442 4769 1489 4816 pro
1506 4761 1585 4803 πίπτω

314 4831 395 4878 ulunbl
414 4833 526 4879 malrum
546 4847 595 4879 uou
613 4833 755 4892 sporulenur
774 4833 859 4894 poscit
876 4833 921 4880 sod
939 4832 1060 4881 lonriurur.

1452 4923 1480 4967 23
