3952 5700
965 716 1006 775 62
1526 721 1555 791 [8
1581 723 1620 781 13

445 897 604 980 martur:
656 894 794 979 θυγατέρ’
819 898 932 982 ἰφθίμῃ
954 921 972 957 ιι
998 899 1060 960 106
1084 919 1099 958 o
1127 901 1202 961 864.

436 999 573 1077 Ἕκτορα
654 994 700 1077 ἅμ’
718 994 833 1078 Ἕκτορ’
859 998 928 1058 ίσαν
952 1000 994 1056 Μ
1013 999 1065 1072 88,
1081 993 1197 1074 Ἕκτορ’
1223 996 1371 1061 ἐπαΐσσων
1400 1005 1434 1060 Ψ
1455 1007 1496 1064 64
1525 1005 1554 1072 ¹).

443 1099 531 1180 χειρίε
654 1094 720 1177 χείρ’
746 1096 980 1175 ἐπιμασσάμενος
1003 1120 1012 1156 ι
1037 1098 1100 1156 802
1125 1119 1139 1156 ι
1163 1100 1237 1158 480.

442 1195 579 1277 Ὀδυσῆιε
649 1193 772 1277 Ὀδυσῆ’
795 1195 946 1258 ἀσπαστὸν
968 1219 982 1256 ε
1006 1199 1070 1258 898
1094 1221 1111 1255 ν
1136 1200 1188 1258 35.
1204 1232 1243 1240 -
1258 1199 1302 1260 Ci'.
1327 1201 1346 1269 ἓ
1371 1203 1422 1262 76.

437 1297 547 1378 Ἴσχυ’ίῑ
646 1292 732 1376 Ἴσχυ’
759 1293 805 1375 ἅμ’
832 1294 959 1382 ἀντιθέῳ
983 1298 1015 1358 h.
1041 1300 1099 1373 Ap.
1125 1299 1199 1359 210.

403 1403 569 1464 Hactenus
592 1403 681 1462 certa
704 1402 738 1462 et
761 1400 928 1476 explorata
950 1402 1026 1461 sunt
1050 1401 1159 1460 omnia
1171 1395 1211 1474 ²);
1232 1401 1388 1462 accedunt
1408 1401 1517 1462 minus
1536 1403 1624 1462 certe

358 1506 517 1580 quaedam
541 1503 593 1564 rel
617 1501 730 1564 dubia:

446 1606 524 1669 λατίε
559 1599 615 1666 λίτί
644 1602 730 1690 ἐλαίῳ
756 1606 796 1677 [Κ
819 1607 894 1677 bii]
921 1600 949 1670 Ξ
970 1606 1029 1666 171
1056 1607 1086 1662 Σ
1109 1606 1173 1666 350
1197 1627 1214 1684 γ
1238 1607 1302 1665 titii
1326 1607 1431 1682 abitt,
1452 1607 1517 1665 Ano
1538 1605 1553 1676 ζ
1571 1606 1623 1680 eu,

359 1704 415 1771 λίπ’
451 1708 554 1786 άλειψε
588 1709 604 1781 ζ
634 1709 708 1770 227.
742 1708 919 1769 Verborum
947 1708 1114 1784 dispositio
1137 1710 1230 1770 docet
1252 1725 1348 1770 voces
1371 1702 1425 1767 λίπ’
1453 1706 1538 1794 ἐλαίῳ
1562 1725 1623 1769 non

360 1830 433 1877 esso
455 1813 690 1889 distrahendas,
713 1811 860 1872 dativum
883 1811 981 1885 igitur
1002 1827 1075 1872 esse
1097 1811 1162 1871 λικτί
1183 1813 1324 1872 nominis
1354 1812 1429 1872 aiibi
1451 1827 1514 1872 non
1540 1810 1624 1871 obvii

360 1916 424 1993 λίψ,
457 1930 561 1989 neque
596 1915 663 1974 uile
697 1917 748 1974 est
782 1928 881 1974 causa
916 1929 972 1974 cur
1003 1914 1191 1975 adverbium
1222 1912 1292 1972 λίκα
1320 1915 1371 1974 hic
1400 1928 1625 1989 agnoscamus,

361 2018 424 2079 etsi
457 2015 542 2090 opud
576 2015 795 2089 Thucydidem
829 2015 845 2074 Ι
875 2018 894 2076 6
926 2015 944 2083 ἓ
976 2018 995 2074 b
1026 2017 1059 2076 et
1088 2015 1121 2075 in
1151 2013 1374 2088 Hippocrateis
1405 2015 1436 2076 id
1460 2014 1625 2090 reperitur.

362 2119 482 2179 Verum
514 2117 662 2178 viderunt
691 2115 868 2176 Buttmann
901 2117 934 2176 et
957 2115 1100 2192 Kuhner,
1125 2115 1201 2176 iicet
1224 2130 1286 2176 non
1310 2116 1509 2176 assentiatur
1533 2115 1626 2176 Biase

363 2223 394 2280 in
419 2217 658 2280 hanuet-stass
681 2219 696 2278 Ι
718 2233 748 2294 p.
778 2219 851 2280 Abi.

451 2319 590 2398 μάστακιι
614 2315 733 2397 μάστακ’
760 2317 824 2380 ίττεί
847 2320 963 2394 Ι324;
987 2319 1034 2379 sio
1054 2319 1172 2380 saitem
1198 2319 1386 2394 Apollonius
1409 2320 1440 2378 in
1461 2319 1524 2379 iex.
1548 2333 1574 2377 s.
1598 2335 1625 2376 v.

363 2424 470 2483 iocum
504 2420 627 2495 accepit
662 2422 693 2492 (i.
717 2437 744 2481 e.
779 2423 898 2496 rostro),
930 2434 1068 2492 quocum
1103 2420 1282 2479 consentire
1314 2421 1522 2480 Plutarchum
1550 2418 1625 2477 hior.

363 2538 392 2596 p.
418 2521 482 2581 494
515 2520 549 2579 et
583 2519 647 2578 805
678 2521 772 2580 acute
803 2520 988 2580 observavit
1015 2518 1138 2578 'Pollius
1161 2520 1194 2578 iu
1218 2519 1355 2578 editione
1379 2533 1447 2578 sua.
1472 2517 1627 2578 Veterum

362 2623 473 2681 tamen
505 2619 600 2680 lectio
631 2621 701 2680 erat
729 2618 874 2696 μάστακα,
905 2633 1042 2691 eamque
1073 2617 1293 2691 glossographi
1323 2617 1455 2677 ridicule
1478 2617 1627 2690 interpre-

364 2710 521 2782 tabantur'
548 2721 707 2796 ίιισαιίανι,
742 2719 931 2780 Theocritus
961 2719 1000 2779 de
1031 2734 1098 2779 raca
1128 2719 1161 2778 iu
1192 2720 1380 2779 uuiversum
1408 2717 1531 2792 accepit
1553 2719 1627 2788 (vid.

363 2823 456 2898 idyli.
481 2821 556 2883 XIV
581 2823 622 2882 39
645 2819 779 2898 μάστακα
804 2820 911 2897 doira),
936 2821 1015 2881 item
1040 2820 1257 2896 Aristarchus,
1281 2820 1321 2881 cf.
1346 2818 1458 2881 6287.
1480 2820 1629 2880 Fortasse

364 2927 510 3001 praestat
540 2923 757 3000 accusativus,
781 2924 838 2985 sed
860 2927 1008 2999 rostram,
1032 2938 1096 2984 non
1119 2939 1220 2984 oscam
1243 2921 1403 2996 significat
1429 2923 1629 2984 vocabulum.

453 3024 561 3098 ίσίλίλι
596 3020 634 3084 ἔν’
672 3021 761 3103 ἤματι
796 3027 824 3084 Κ
856 3026 897 3085 48
930 3041 971 3086 ex
999 3025 1144 3086 Barnesii
1167 3026 1401 3101 emendatione,
1426 3026 1480 3084 ubi
1505 3025 1629 3086 codices

365 3128 486 3189 habeut
519 3120 561 3186 ἐπ’
579 3128 582 3137 “
597 3123 696 3204 ἤματι,
724 3128 933 3188 Aristarchus
963 3125 995 3186 ίκ
1017 3124 1106 3205 ίματι
1129 3127 1255 3188 dedisse
1278 3126 1388 3187 fertur.
1415 3125 1492 3188 (toli.
1518 3111 1553 3184 ΖΙ
1566 3127 1629 3186 422

366 3230 412 3315 (λῳ
446 3226 545 3307 ἤματι)
576 3229 721 3290 Barnesii
751 3229 904 3290 correctio
935 3231 1025 3290 certa
1055 3229 1190 3302 videtur,
1214 3243 1255 3288 ex
1279 3227 1440 3301 Hesychio
1464 3230 1574 3289 autom
1598 3228 1632 3287 et

366 3332 474 3409 Suida,
497 3332 551 3392 ubi
571 3331 650 3392 baec
670 3331 788 3391 locutio
808 3331 950 3392 redditur
973 3331 1080 3391 verbis
1098 3327 1130 3389 ἐν
1149 3339 1202 3412 μιᾷ
1221 3325 1326 3414 ἡμέρα,
1347 3331 1485 3391 fortasse
1505 3329 1631 3391 eiiioere

367 3436 443 3497 licet
465 3434 644 3495 Aristarchi
667 3449 792 3507 quoque
816 3434 986 3496 lectionem
1012 3434 1112 3494 ruisse
1132 3426 1218 3504 ἕν’(ι),
1237 3448 1299 3492 non
1320 3429 1359 3490 ἐν.
1375 3465 1418 3472 --
1431 3431 1526 3492 Redit
1546 3447 1633 3492 error

368 3539 387 3617 β
412 3538 486 3611 284,
510 3537 590 3597 bene
613 3551 690 3596 vero
713 3537 810 3598 habet
832 3532 873 3597 ἐπ’
899 3535 988 3614 Ιἤματι
1014 3539 1041 3594 Τ
1061 3537 1124 3596 229
1148 3559 1169 3613 μ
1195 3537 1256 3596 105
1280 3539 1295 3607 ξ
1321 3537 1392 3596 iub.

414 3639 584 3698 Praeterea
618 3637 773 3713 catalogo,
804 3653 901 3712 quem
932 3637 1146 3711 instituimus,
1174 3636 1310 3697 addendi
1331 3639 1408 3694 sunt
1431 3649 1555 3712 versus,
1580 3634 1631 3694 ubi

370 3738 496 3799 codices
530 3738 685 3812 praebent
714 3737 860 3798 dativum
892 3753 911 3798 a
942 3737 1139 3796 nominativo
1171 3736 1203 3796 in
1227 3757 1274 3806 -σς
1298 3735 1348 3796 vei
1372 3757 1422 3813 -ης
1445 3736 1495 3796 vel
1518 3757 1559 3806 -ις
1583 3733 1632 3796 vei

368 3861 419 3911 -σς
443 3838 493 3899 vel
517 3861 566 3910 ας
589 3839 734 3914 ductum,
757 3839 812 3912 uui
836 3840 868 3899 in
891 3859 930 3898 -ει
956 3838 1004 3898 vei
1029 3859 1074 3896 -αι
1099 3838 1251 3914 excurrit,
1279 3853 1306 3898 e.
1327 3853 1357 3912 g.
1382 3835 1455 3916 ἔγχει
1478 3835 1639 3918 ὑπερμενεῖ

369 3939 452 4000 πόλει
486 3937 571 4017 πήχει
607 3935 693 3998 diam
716 3935 749 4008 ³).
784 3939 867 3999 Nam
899 3939 1020 4000 talibus
1051 3939 1130 4000 iocis
1162 3953 1244 4016 mos,
1271 3939 1326 4011 oui
1349 3939 1442 4000 hodie
1465 3941 1579 4014 regnat
1602 3940 1634 4000 in

406 4239 424 4300 Ι)
442 4241 561 4289 Fortasse
583 4243 652 4290 haud
675 4244 766 4290 inutile
784 4243 862 4291 suerit
878 4243 1037 4303 observasse,
1056 4245 1081 4290 in
1097 4257 1171 4291 versu
1187 4262 1201 4304 y
1215 4246 1264 4291 ece
1282 4245 1374 4310 Νίσααί
1395 4257 1452 4293 osso
1469 4244 1635 4292 accuratiorem.

404 4315 426 4383 ²)
443 4320 527 4367 Ettsru
542 4321 610 4380 spurt
625 4324 779 4369 recentiores
796 4323 847 4369 iota
861 4321 939 4368 dativi
955 4321 1082 4370 interdum
1092 4323 1183 4370 elisum
1193 4325 1327 4383 reperitur,
1338 4337 1359 4369 e.
1369 4325 1553 4383 g.Arrrcraorrt.
1564 4327 1593 4371 ir.
1606 4324 1635 4371 i'i

370 4398 435 4444 noid'
461 4401 529 4464 άμμῇ,
558 4398 627 4446 rina.
653 4401 744 4448 Iathm.
767 4401 793 4446 11
814 4401 843 4447 12
866 4399 979 4458 dyvsr'ht
1001 4401 1077 4455 heroo,
1098 4397 1266 4461 hephestii)
1289 4403 1439 4462 epigramm.
1458 4404 1527 4464 apud
1545 4403 1635 4450 Athea.

371 4476 433 4523 xiii
452 4477 527 4542 ⁰⁰ss
543 4481 579 4526 roi
603 4479 628 4525 ii
650 4479 757 4541 φιλοῦνθ’
783 4478 869 4543 trinas,
888 4479 984 4524 Mosoh.
1002 4479 1037 4524 lv
1055 4481 1086 4526 85
1105 4483 1152 4543 ίμῷ
1171 4481 1215 4526 turri
1235 4481 1300 4541 ἦσαν’
1325 4483 1414 4542 floron.
1437 4483 1531 4538 Quales
1552 4486 1635 4529 tamon

372 4557 496 4605 rarissimi
522 4561 583 4607 eunt
604 4560 661 4607 ioci.
684 4560 721 4607 Ex
747 4559 957 4618 irrsoriptionihrur
980 4561 1094 4608 ruotriois
1111 4563 1241 4609 stiterimus
1258 4563 1321 4610 (ris.
1339 4565 1387 4610 iiiii
1405 4559 1458 4626 (Vir
1476 4559 1554 4626 sanc.)
1575 4567 1635 4609 λλαλ·

371 4637 423 4685 edd«
450 4641 570 4702 Ἀθηναίῃ,
597 4637 662 4686 did.
688 4641 734 4688 175
760 4635 804 4704 (=
822 4636 910 4686 Raiba!
937 4639 1024 4699 Epigr.
1047 4643 1088 4702 28,
1111 4655 1177 4688 saec.
1199 4643 1239 4701 vr)
1265 4648 1353 4702 σώματι
1377 4648 1474 4699 turrim,
1498 4641 1586 4690 Raiba!
1606 4643 1636 4688 bt

372 4711 427 4777 (ΠΙ
444 4713 521 4778 neti.)
540 4720 629 4777 γυναικί
648 4721 741 4778 ίσθίιίν.

405 4790 428 4856 ⁸)
444 4795 483 4842 Ex
508 4796 549 4842 his
574 4796 650 4856 longe
676 4796 877 4856 frequentissimi
903 4801 964 4843 sunt
988 4797 1067 4845 dativi
1093 4813 1108 4846 a
1132 4801 1294 4847 nominativis
1316 4801 1341 4847 in
1366 4812 1415 4856 ·o;;
1437 4801 1475 4848 sio
1497 4803 1559 4862 ίγχκκ
1578 4805 1637 4848 ants

373 4872 488 4921 vocalem
511 4876 639 4935 reperitur
663 4876 704 4922 his
726 4875 800 4922 loeis:
826 4879 850 4921 Η
868 4876 915 4922 288
939 4877 1001 4937 tylos
1020 4880 1128 4938 ίίχαιίιν,
1154 4881 1177 4926 Κ
1193 4881 1241 4927 848
1259 4881 1321 4940 incr
1340 4882 1463 4936 ίιῐαίσσνιν,
1484 4883 1513 4932 Ξ
1527 4883 1558 4930 88
1575 4882 1637 4942 iuer
