3958 5696
963 659 1026 718 eri
1510 653 1540 725 [δ
1562 653 1627 714 dee

362 850 546 916 possumus,
565 840 597 902 id
616 842 645 900 si
664 841 690 900 0
708 841 773 901 sie
793 840 1028 917 et1882,ubi
1058 841 1116 902 teli
1135 839 1329 902 adminiculo
1340 837 1487 900 destituti
1500 851 1624 911 sumus,

361 936 522 999 intectum
544 940 809 1018 relinqueremus,
832 955 897 1002 non
919 941 1005 1002 osuii
1028 941 1085 1002 sed
1103 941 1211 1015 ignem
1232 941 1340 1016 potius
1359 940 1394 999 et
1411 936 1625 1013 superstitiosi

362 1037 510 1100 homines
532 1055 682 1101 essemus
703 1040 846 1103 dieendi:

495 1140 521 1199 Ο
543 1141 625 1202 848:
649 1135 685 1200 δν
709 1135 737 1201 δ’
763 1137 810 1201 δν
832 1137 907 1221 ἐγὼν
929 1137 1084 1201 mneos
1106 1149 1184 1201 νεῶν
1205 1136 1328 1220 ἑτέρωθι
1349 1137 1459 1216 νοήσω,

505 1259 521 1299 τ
544 1241 625 1304 332:
650 1235 684 1312 ὃς
707 1235 737 1300 δ’
763 1237 809 1300 δν
831 1237 958 1318 ἀμύμων
980 1237 1070 1312 adele
1092 1237 1126 1325 iq
1148 1243 1209 1302 ete.

361 1338 467 1400 Immo
490 1333 526 1399 δι
549 1335 634 1400 dial
661 1337 737 1421 iydv
760 1343 794 1402 et
815 1334 849 1413 ὃς
872 1337 913 1400 di
934 1334 960 1400 ι’
983 1337 1119 1418 ἀμύμων.

405 1514 539 1591 Egregie
572 1532 699 1592 quoque
729 1519 769 1580 sd
798 1519 945 1580 nostrum
972 1518 1154 1594 opinionem
1185 1519 1339 1580 tuendum
1361 1516 1485 1578 iseiunt
1513 1533 1625 1579 versus

362 1631 403 1676 ex
425 1618 551 1696 quibus,
572 1618 766 1694 perticulam
788 1639 839 1678 ιιν
862 1634 920 1694 pro
941 1613 980 1678 dv
1003 1620 1211 1696 restituendo,
1232 1619 1371 1680 slterum
1391 1617 1491 1680 simui
1510 1619 1624 1680 vitium

361 1717 528 1782 eliminare
551 1721 637 1784 lieet
661 1720 835 1783 liultorum
856 1719 960 1782 instet
981 1720 1061 1782 mihi
1084 1721 1211 1782 videtur
1234 1735 1348 1782 versus
1370 1741 1387 1800 ρ
1413 1721 1470 1781 1οε

493 1818 545 1881 τόν
567 1821 665 1894 ξεῖνον
687 1820 835 1900 δύστηνον
857 1814 900 1901 ἄγ’
926 1818 956 1894 ie
979 1819 1077 1898 πόλιν,
1098 1815 1180 1901 ὄφρ’
1206 1811 1245 1880 δν
1269 1818 1362 1880 ἐιιεῖδι

495 1919 581 1981 δαῖτα
601 1921 745 2006 ιττιοχεόρ.

362 2017 491 2080 Scilicet
519 2025 626 2100 κεῖνος,
654 2026 744 2098 κεῖθι,
772 2026 849 2082 ustor
876 2023 937 2084 eto.
962 2022 1134 2084 Homerios
1156 2023 1242 2095 sunt,
1266 2023 1389 2084 iormse
1413 2035 1488 2082 vero
1511 2019 1626 2094 quibus

362 2119 507 2194 preeiixs
525 2125 577 2182 est
594 2122 705 2184 litters
716 2120 776 2184 ὶ-ιι
793 2125 907 2198 poetes
927 2136 1076 2183 sermone
1095 2125 1173 2183 sunt
1191 2122 1325 2198 eliense,
1345 2121 1513 2182 rarissime
1525 2134 1627 2180 oecur-

361 2221 447 2294 runt,
477 2220 565 2282 nullo
588 2221 656 2284 ioco
678 2223 837 2297 genuinae
852 2225 952 2298 sunt;
976 2221 1016 2284 ei.
1040 2219 1060 2297 5
1084 2223 1125 2282 91
1149 2235 1220 2296 pag.
1245 2223 1307 2284 uei
1334 2236 1382 2296 sq.
1407 2219 1448 2280 itt
1469 2220 1511 2280 nd
1534 2215 1626 2278 ἐκεῖθι

361 2320 444 2394 quod
478 2321 605 2400 attinet,
639 2323 671 2384 id
705 2339 769 2386 non
802 2324 904 2385 altero
937 2323 1006 2386 loeo
1040 2322 1211 2384 Homerico
1241 2323 1358 2397 iegitur
1386 2322 1514 2397 prester
1542 2320 1627 2380 hune

363 2435 475 2483 unum.
511 2422 673 2498 Numquid
707 2424 806 2499 igitur
834 2424 967 2485 dubium
998 2438 1071 2484 esse
1100 2425 1208 2499 potest
1237 2424 1314 2498 quin
1344 2424 1404 2484 hoo
1435 2421 1504 2484 ioco
1534 2420 1627 2496 poete

361 2521 483 2583 dederit
510 2519 612 2606 ὄφρα
632 2547 673 2586 ιι
695 2529 814 2604 ustor,
836 2525 1110 2600 quemadmodum
1132 2524 1274 2600 exempli
1295 2526 1399 2599 gretie
1422 2523 1441 2603 β
1468 2523 1531 2584 124
1553 2521 1625 2595 logi·

363 2637 439 2682 mus
461 2620 541 2705 όφρα
563 2647 596 2686 ιιι
617 2625 726 2706 ιιεδνηῗ
747 2624 770 2700 ¹)

406 2723 619 2803 (iontrsrium,
650 2729 688 2789 ut
709 2730 769 2790 hoo
791 2729 824 2790 in
848 2728 988 2790 transitu
1010 2743 1275 2804 commemorem,
1299 2742 1360 2788 usu
1388 2725 1523 2787 venite
1548 2725 1627 2797 147;

361 2824 404 2884 ibi
439 2827 526 2888 enim
561 2829 678 2892 vitium
712 2831 873 2905 prohibuit
906 2831 1080 2906 quominus
1112 2831 1253 2894 aiterum
1284 2831 1398 2892 vitium
1430 2828 1625 2888 nosceretur.

361 2926 529 2990 Traditum
547 2933 612 2992 est
637 2932 692 2992 ilio
715 2932 784 2994 loeo
807 2929 888 3013 ὄφρα
909 2954 961 2993 ιιι
983 2925 1043 3017 ᾗσι,
1064 2934 1121 2994 sed
1143 2933 1265 2995 dudum
1289 2930 1490 2991 intellectum
1514 2930 1565 2988 est
1587 2927 1627 2986 sb

362 3027 547 3106 editoribus,
578 3033 717 3096 formem
747 3034 841 3096 unice
865 3033 1072 3096 Homericam
1095 3032 1159 3118 ἔῃσι
1181 3033 1416 3095 restituendam
1439 3045 1522 3107 esse,
1546 3025 1625 3107 ὄφρα

360 3121 383 3186 ι’
410 3126 474 3212 ipos
496 3131 595 3204 igitur
613 3135 727 3209 poetae
749 3149 822 3195 esse
841 3149 976 3195 menum
996 3134 1046 3204 (ei.
1066 3131 1182 3209 §3⁰2i·
1203 3131 1290 3209 Ques
1309 3129 1504 3192 subiunctiri
1522 3129 1627 3190 forms

361 3227 390 3288 si
420 3228 499 3290 olim
525 3230 648 3294 intecta
670 3235 857 3311 mansisset,
888 3236 959 3296 sine
988 3233 1084 3296 dubio
1107 3230 1187 3314 ὄφρα
1209 3228 1232 3293 ι’
1258 3234 1319 3294 hoe
1342 3232 1421 3307 loro,
1443 3233 1482 3291 ut
1503 3230 1625 3306 passim

363 3329 449 3408 alibi,
471 3331 605 3395 abiisset
627 3333 660 3394 in
683 3330 748 3416 ὄφρ’
773 3333 820 3396 δν.

406 3505 577 3570 Praeterea
600 3509 753 3573 afferetur
776 3511 828 3572 hio
850 3516 866 3571 1
892 3514 931 3574 17
956 3527 1021 3586 sq:

495 3603 563 3668 οὔδ’
589 3605 687 3671 διτόδ
713 3607 759 3670 ἂν
782 3610 908 3696 στείχῃσι
930 3609 1005 3690 πρός
1028 3609 1160 3689 οόρανόν
1183 3606 1365 3687 ἀστερόεντα,

496 3703 563 3768 οὔθ’
590 3704 635 3769 δι’
660 3707 952 3791 1ν1ψ1ιι1γαῐαν
975 3705 1023 3770 dri
1049 3707 1219 3791 οὐρανόθεν
1240 3708 1451 3787 προτράπηται.

363 3805 425 3868 liic
450 3808 548 3886 enirn,
575 3810 654 3873 dum
680 3833 731 3871 ιεν
757 3826 958 3889 revocemus,
985 3812 1085 3874 simul
1108 3809 1363 3888 pereiieiismum
1384 3808 1627 3870 enuntiatorum

361 3910 582 3974 restituimus:

496 4007 564 4074 οὔθ’
590 4013 651 4075 διε
673 4035 714 4076 ιιε
736 4013 872 4099 στείχῃσι,
891 4011 914 4086 ¹)

496 4109 563 4174 οὔθ’
590 4113 651 4176 διε
671 4110 696 4176 τ’
722 4111 768 4192 dp
790 4117 851 4177 eto.

408 4213 551 4289 Denique
574 4217 637 4278 hue
659 4217 798 4293 pertinet
821 4237 834 4276 ι
860 4217 939 4278 10οε

497 4315 540 4388 τίς
563 4311 591 4376 δ’
616 4313 663 4377 ἂν
685 4314 781 4378 tuoto
802 4315 942 4378 τοσσόνδε
965 4315 1123 4396 διαδράμοι
1146 4311 1278 4396 ἁλμυρόν
1300 4313 1393 4392 ὕδωρ,

397 4560 419 4627 ¹)
437 4563 520 4612 illem
536 4565 713 4624 quaestionem
731 4569 818 4614 moret
830 4565 932 4614 insolite
949 4565 1097 4613 roonisrum
1114 4563 1176 4630 ὄφρα
1192 4563 1222 4610 ἄν
1239 4562 1279 4611 rei
1297 4561 1358 4628 ὄφρα
1376 4580 1401 4608 ιιι
1415 4561 1534 4610 iniretur·
1550 4573 1629 4610 sensu

362 4645 390 4690 ui
406 4642 507 4692 duobus
523 4647 622 4693 unium
639 4645 704 4693 loeis
720 4646 863 4694 Homeriots
879 4646 962 4705 ebrie,
979 4644 1029 4694 rid.
1048 4657 1106 4706 psss.
1125 4642 1182 4692 sos.

396 4721 418 4786 ¹)
435 4725 524 4773 lienro
541 4725 616 4772 iiom.
635 4720 761 4773 drumm!
776 4739 802 4786 p.
820 4725 868 4773 siu
886 4725 984 4773 meruit
1001 4724 1054 4771 olid·
1074 4725 1144 4770 διεσιι
1161 4727 1276 4785 arsinoa,
1292 4723 1377 4779 ,εἰοοε
1395 4721 1440 4769 tite
1457 4721 1590 4769 roien-euos
1605 4719 1629 4766 is

367 4800 511 4864 ,generali
529 4803 572 4851 ilio
588 4801 668 4862 igliur
683 4803 762 4851 etiem
781 4816 819 4851 ει.
838 4805 868 4852 le
886 4803 940 4851 oie·
960 4801 1025 4850 inde
1045 4799 1083 4862 dp
1099 4801 1149 4848 erit
1164 4799 1311 4860 legendum.
1462 4793 1465 4798 '
