3936 5704
783 1746 1300 1896 riumriceiiiliii'ssfs⁷„¹

885 2069 1136 2087 -ρ-ιο-οοι-Δν

412 2309 461 2369 Ab
496 2324 544 2384 eo,
574 2307 628 2381 qui
659 2308 808 2369 dictionis
839 2309 948 2383 epicae
978 2255 1067 2384 leges
1097 2311 1142 2393 sit
1171 2308 1445 2402 descripturus,
1428 2293 1509 2374 ure
1485 2257 1642 2386 potest

369 2409 531 2482 expectari
551 2409 588 2468 ut
614 2409 803 2482 priusquam
823 2409 983 2484 hocopus
1001 2385 1208 2508 aggrediatur,
1225 2394 1258 2470 i'n
1266 2411 1454 2500 originem¹
1459 2408 1643 2488 carminum

367 2509 529 2581 epicorum
560 2508 730 2581 ipsamque
762 2510 909 2569 veterum
942 2511 1118 2584 cantorum
1142 2510 1263 2602 arteni
1266 2510 1371 2605 data,
1383 2523 1480 2583 opera
1499 2479 1642 2579 inquirat

367 2622 525 2680 suumque
541 2607 580 2667 de
600 2607 641 2666 iis
660 2608 801 2681 exponat
817 2607 1009 2682 opinionem.
1029 2611 1073 2669 At
1084 2610 1121 2668 si
1140 2585 1223 2688 qu'is
1234 2562 1356 2688 fnestra
1374 2609 1483 2668 aetate
1500 2621 1642 2694 praeser-

369 2707 439 2782 tim,
456 2706 513 2782 de
525 2706 687 2767 Homero
710 2708 952 2781 disputaturum
975 2725 1011 2769 se
1026 2708 1225 2784 profiteatur,
1242 2708 1412 2770 audaciam
1424 2721 1549 2781 praese
1562 2707 1646 2767 ferai

367 2807 421 2866 vix
445 2807 555 2866 minus
578 2807 729 2867 insanam
749 2822 845 2880 quam
877 2809 1059 2884 sipontum
1084 2809 1211 2870 ebibere
1234 2823 1271 2869 se
1295 2807 1378 2869 veiis
1402 2807 1532 2868 diceret.
1556 2805 1639 2865 Nam

367 2909 466 2968 maris
500 2907 605 2967 insint
639 2909 690 2967 est
723 2909 830 2981 poesis
866 2909 1056 2985 Homerice;
1092 2911 1194 2971 maris
1228 2908 1362 2984 aeterni,
1398 2907 1491 2969 cuius
1521 2906 1640 2966 ilnctus

365 3008 518 3082 rhythmo
548 3007 671 3081 ingenti
694 3023 754 3068 nec
785 3023 930 3082 unquam
953 3011 1175 3084 requiescente
1198 3009 1239 3071 ad
1264 3009 1360 3071 litora
1383 3010 1496 3069 nostra
1518 3005 1640 3081 provol-

364 3111 500 3184 vuntur;
527 3143 567 3153 —
594 3109 695 3170 maris
718 3110 882 3187 immensi,
907 3112 991 3186 quod
1013 3110 1224 3188 simplicitate
1249 3125 1309 3172 sua
1332 3110 1460 3171 animos
1481 3107 1521 3170 cd
1541 3105 1639 3168 admi·

363 3212 521 3273 rationem
546 3212 696 3288 proripit:
721 3213 807 3275 idem
832 3213 959 3278 infinita
982 3214 1179 3278 abundantia
1203 3229 1312 3275 rerum
1335 3212 1509 3275 observatu
1534 3209 1642 3285 digne·

363 3331 446 3392 rum,
477 3315 594 3389 quibus
625 3316 883 3391 pervestigandis
914 3333 954 3379 ne
987 3319 1057 3378 tote
1089 3316 1220 3392 quidem
1244 3315 1313 3378 vita
1336 3314 1487 3390 sufficiat,
1513 3313 1641 3374 mentes

364 3417 556 3494 percellens;
590 3417 676 3479 vitoe
709 3419 780 3480 ions
811 3420 1004 3498 citissimus,
1037 3421 1129 3482 cuius
1160 3420 1296 3481 iunium
1324 3419 1433 3480 nulius
1456 3417 1534 3478 dum
1558 3430 1640 3477 mor·

362 3521 478 3580 talium
509 3521 730 3594 perscrutatus
754 3523 821 3596 est;
853 3556 893 3566 -
912 3523 1014 3583 maris
1042 3523 1093 3582 est
1115 3521 1219 3581 instet
1242 3520 1351 3582 dilecti
1374 3519 1484 3594 pueris
1507 3517 1640 3578 lusitan-

368 3621 455 3682 tibus
504 3621 589 3682 inter
636 3621 775 3682 conchas
825 3623 1018 3698 variegatas,
1060 3622 1177 3696 quibus
1212 3623 1325 3706 aestus
1359 3619 1478 3680 suem
1507 3633 1641 3694 arenas;

367 3723 476 3785 dilecti
513 3721 711 3798 philosophis
742 3737 858 3784 musas
889 3739 998 3788 rerum
1028 3701 1264 3800 appetentibus,
1293 3721 1365 3802 qui
1371 3720 1445 3798 hinc
1469 3717 1641 3794 aliquando

366 3827 591 3901 perspecturos
623 3839 660 3886 se
693 3828 826 3909 sperant
859 3825 1028 3903 quomodo,
1066 3825 1221 3904 quondo,
1233 3824 1335 3904 unde
1344 3823 1420 3890 vita
1454 3819 1639 3895 emicuerit,

363 3927 471 3989 dilecti
514 3927 789 4004 postiemum
819 3928 883 3991 leni
914 3946 1050 3991 susurru
1084 3929 1219 3991 fabellas
1251 3928 1388 4005 inspiret
1419 3941 1528 3987 rerum
1562 3923 1640 3986 oiim

363 4031 541 4106 gestarum,
572 4031 630 4091 eut
660 4030 709 4091 ira
739 4031 883 4092 fremens
913 4033 1030 4094 incutit
1068 4031 1210 4092 furorem
1243 4029 1339 4090 illum
1371 4029 1426 4103 qui
1458 4026 1640 4090 carminum

364 4131 630 4204 grendisonorum
651 4131 834 4205 effectuque
853 4131 1050 4193 serventium
1059 4133 1110 4192 est
1129 4130 1362 4192 feracissimus.
1377 4125 1638 4228 Ἕσπινθάοασοα,

363 4229 407 4303 τίς
429 4227 463 4290 ii
485 4251 534 4289 νιν
556 4227 750 4308 mentiost!
1567 4245 1569 4260 ¹

408 4332 522 4405 Itaque
550 4346 591 4392 ne
613 4330 716 4392 nimia
740 4332 900 4395 moliendo
924 4333 1028 4394 risum
1051 4347 1254 4410 moverimus,
1277 4334 1336 4393 aut
1357 4332 1444 4394 ultra
1467 4331 1558 4407 iines,
1583 4330 1638 4405 qui

365 4432 452 4495 hisce
482 4431 718 4508 prolegomenis
749 4433 965 4496 constituendi
996 4435 1136 4512 fuerunt,
1169 4433 1269 4497 latim
1300 4432 1458 4509 expatiari
1490 4431 1638 4494 materiei

366 4536 450 4598 mole
484 4551 647 4611 cogamur,
682 4549 786 4611 pauca
824 4551 841 4598 e
877 4537 991 4598 multis
1026 4536 1213 4612 selegamus
1248 4537 1374 4611 oportet
1407 4535 1441 4596 et
1475 4533 1638 4596 succincte

365 4638 552 4700 tractemus.
596 4636 741 4698 Strictim
780 4640 874 4699 erunt
906 4640 1068 4714 tangenda
1101 4653 1184 4713 quse
1226 4637 1333 4714 spisse
1376 4636 1437 4697 sibi
1472 4634 1640 4696 volumine

365 4741 499 4812 poscant
531 4739 560 4800 si
593 4737 666 4812 quis
702 4737 764 4799 rite
798 4739 846 4799 eis
876 4740 1023 4814 perfungi
1055 4740 1150 4816 velit,
1182 4739 1312 4800 eminus
1343 4736 1512 4798 indicenda
1543 4738 1638 4799 erunt

367 4839 470 4900 multe
500 4840 583 4901 inter
614 4854 696 4913 ques
726 4840 886 4901 demorari
914 4842 1007 4905 dulce
1039 4842 1122 4903 foret
1152 4857 1211 4902 nec
1241 4839 1374 4915 inutiie;
1406 4837 1639 4913 praetereunda
