3848 5688
970 737 989 798 2
1543 739 1615 810 [52

350 929 437 988 certe
466 925 661 989 Graecorum
691 927 789 1003 poesi,
820 927 958 988 fortasse
989 927 1089 987 etiam
1117 925 1202 1003 alibi,
1226 926 1343 988 indicia
1367 927 1418 988 hic
1440 927 1506 989 illic
1529 945 1613 1005 repe·

350 1029 475 1090 riantur
494 1031 578 1090 unde
598 1029 681 1091 ellici
699 1031 802 1104 possit
820 1045 861 1090 ne
880 1031 1007 1090 veteres
1026 1029 1155 1102 quidem
1175 1030 1287 1104 poetes
1307 1031 1438 1091 omnino
1454 1033 1614 1106 sprevisse

350 1130 429 1191 illud
462 1133 590 1193 aurium
624 1131 828 1193 lenocinium.
863 1131 904 1191 Et
937 1131 1046 1205 quidni
1077 1131 1248 1192 credamus
1282 1146 1337 1192 eos
1370 1132 1534 1194 interdum
1568 1134 1615 1195 tta

350 1233 477 1296 lusisse.
506 1234 558 1296 sic
583 1234 755 1296 lectionem
785 1236 909 1318 πολλῇσι
940 1236 1078 1318 φλιῇσι
1109 1229 1260 1312 παραστὰς
1289 1232 1483 1312 φλίψεται
1515 1233 1614 1314 ὤμους

348 1358 366 1417 p
390 1337 452 1398 221
485 1353 560 1413 prae
591 1337 694 1400 altera
723 1335 862 1413 θλίψεται
894 1337 1120 1398 commendare
1148 1336 1274 1397 videtur
1296 1337 1527 1401 denominatio.
1552 1338 1613 1399 Sed

348 1441 528 1501 cavendum
558 1456 599 1502 ne
623 1441 750 1516 longius
773 1440 873 1517 abripi
896 1455 955 1500 nos
979 1440 1140 1514 patiamur
1163 1441 1196 1500 et
1219 1439 1325 1515 specie
1349 1441 1471 1516 decepti
1495 1442 1612 1503 tribna-

347 1557 423 1602 mus
456 1544 626 1616 poetarum
659 1543 766 1605 studio
800 1558 882 1618 quae
915 1557 1011 1604 caeca
1049 1544 1115 1603 fors
1149 1543 1291 1617 ipsiusve
1327 1543 1455 1618 linguae
1489 1544 1612 1606 indoles
1727 1573 1729 1578 ·

348 1642 460 1703 tulerit
482 1647 521 1718 ¹);
553 1658 656 1717 neque
687 1643 866 1719 probabiles
897 1644 997 1705 videri
1027 1645 1178 1718 poterunt
1208 1644 1419 1720 coniecturae,
1447 1659 1530 1716 quae
1552 1644 1611 1705 boc

347 1745 537 1816 argumento
568 1744 607 1805 ab
630 1745 851 1805 inventoribus
878 1746 1144 1806 commendentur
1167 1744 1251 1818 quod
1274 1760 1426 1805 sonorum
1451 1745 1497 1805 ita
1519 1749 1612 1819 grato

347 1843 506 1916 quaedam
536 1846 688 1906 nascatur
718 1845 905 1906 similitudo.
939 1845 1136 1921 Quapropter
1158 1860 1222 1905 non
1246 1846 1417 1906 laudamus
1440 1847 1611 1908 consilium

347 1943 448 2005 Fickii
481 1945 739 2007 homoeoteleuta
773 1949 806 2008 et
837 1947 1083 2009 ellltterationes
1113 1945 1305 2023 appetentis,
1336 1963 1364 2008 ο.
1388 1962 1418 2021 g.
1450 1943 1611 2027 ἀρλιιοιιι

347 2040 558 2123 &septumum
583 2047 697 2121 odyss.
721 2065 750 2123 p.
776 2049 796 2107 2
820 2049 853 2109 et
877 2049 951 2124 820,
976 2047 1062 2126 χόλοξ
1085 2044 1117 2108 δέ
1135 2070 1186 2124 μιν
1210 2045 1351 2128 ἄγριος
1374 2045 1473 2128 ι’λγρη
1497 2048 1610 2123 Odyss.

346 2147 708 2226 pronianum,
744 2151 821 2226 „das
852 2150 917 2210 alte
949 2149 1032 2224 Epos
1061 2149 1237 2223 gebraucht
1267 2165 1328 2209 nur
1354 2157 1448 2227 ιιᾱμα,
1469 2157 1609 2222 πᾶοις...
1732 2175 1737 2186 ·

349 2247 429 2324 „wie
455 2249 556 2311 durch
579 2251 629 2311 die
654 2252 797 2312 antelmo
821 2251 853 2312 in
877 2249 996 2328 πόματα
1019 2249 1122 2327 πολλά,
1144 2249 1263 2326 scripura
1286 2248 1382 2310 πάντα
1405 2249 1470 2310 und
1489 2249 1609 2327 πάματα

349 2357 458 2427 „odom
493 2347 602 2410 ὄπασσε
636 2351 791 2426 Όθελῆλλελ
825 2353 925 2413 wiid”
969 2351 1059 2413 Iliad.
1095 2367 1124 2427 p.
1161 2352 1235 2428 387,
1281 2354 1376 2430 Τρῶες
1411 2347 1443 2412 δὲ
1476 2351 1609 2412 λεύοισι
1730 2384 1734 2391 ‚

343 2451 517 2525 folcradus
551 2448 765 2534 ὠμοφάγοισι
795 2453 885 2516 Ilied.
914 2470 944 2531 p.
969 2455 1021 2532 83
1045 2454 1100 2514 σοι
1124 2454 1203 2515 baec
1226 2453 1402 2516 adduntur:
1430 2453 1504 2531 „der
1527 2455 1608 2516 reim

350 2557 532 2634 „ersoheint
561 2557 612 2620 bei
642 2557 765 2620 Homer
798 2559 825 2620 1.
861 2559 1022 2621 zwiscben
1055 2558 1129 2620 dem
1160 2561 1268 2619 ersten
1299 2557 1363 2618 und
1386 2558 1459 2619 dem
1485 2557 1609 2619 vierten

347 2660 473 2737 „inssez
506 2658 651 2740 φράζεο
685 2661 812 2722 Τοσιΐᾱα
842 2657 892 2720 καλ
922 2660 1097 2740 palicas.
1121 2661 1281 2721 zwischen
1304 2661 1378 2721 dem
1401 2660 1520 2720 dritten
1544 2659 1609 2719 und

347 2764 441 2840 ,dem
473 2763 640 2825 sechsten.
673 2760 789 2824 ἴνσιιειε
816 2771 873 2823 νῦν
897 2785 947 2842 μοι
971 2765 1139 2840 Μοῖσαι,
1156 2735 1300 2842 Ολύμπια
1325 2756 1430 2841 δώματ’
1456 2759 1609 2842 ἔχοισαι

348 2863 537 2941 „liviniigste
568 2865 672 2943 torm),
701 2869 731 2927 3.
754 2866 914 2927 zwischen
939 2867 1012 2927 dem
1037 2865 1160 2926 vierten
1184 2865 1248 2926 und
1270 2865 1438 2928 secbsten:
1463 2863 1608 2925 πυλάων

347 2965 598 3046 „depravantem
621 2967 757 3043 endlich,
781 2967 855 3028 falls
878 2967 934 3028 der
952 2967 1142 3027 hexameter
1162 2967 1344 3041 tripartitus
1362 2967 1608 3028 anzuerkennen

347 3069 419 3145 „ist
444 3069 474 3130 4.
499 3069 659 3132 zwlsoben
691 3071 765 3131 dem
791 3069 927 3130 zweiten
951 3070 1016 3129 und
1041 3067 1164 3130 vierten
1188 3069 1277 3129 fusse
1301 3067 1362 3128 wie
1385 3091 1396 3126 ι
1421 3069 1486 3128 450
1509 3066 1607 3146 priapo

346 3167 405 3247 „lp
410 3168 512 3246 βαις,
543 3180 657 3248 πρῶτος
691 3167 724 3230 ὄλ
757 3169 870 3251 ῥόαις
901 3167 1041 3247 ποτάμιον
1070 3167 1272 3240 ἆιιιιιολιιιιεις”Ι
1303 3170 1377 3231 Alia
1408 3170 1513 3230 multa
1536 3183 1605 3230 con·

342 3270 445 3344 gessit
468 3270 554 3330 idem
577 3273 667 3334 iliad.
691 3288 722 3347 p.
747 3274 811 3333 534
835 3287 882 3346 sq.

386 3371 490 3431 Acute
509 3370 569 3430 irae
589 3372 627 3432 de
648 3387 682 3431 re
701 3372 878 3446 disputavit
895 3369 1171 3432 LehrsiusArist.²
1189 3389 1218 3447 p.
1233 3375 1297 3433 454
1310 3388 1390 3448 sqq„
1415 3374 1447 3432 et
1466 3385 1606 3446 praeser-

342 3470 402 3530 tim
429 3471 545 3531 notatu
568 3471 793 3544 dignissimum
824 3472 926 3532 estid
959 3472 1041 3543 quod
1066 3473 1249 3532 observavit
1272 3473 1292 3533 l.
1317 3473 1337 3532 l.
1361 3487 1391 3546 p.
1420 3473 1494 3546 475,
1518 3471 1605 3530 locos

341 3571 395 3631 ubl
426 3572 556 3632 auditur
585 3573 768 3646 parecbesis
795 3572 964 3646 plerosque
993 3573 1040 3633 ita
1070 3587 1142 3633 esse
1171 3575 1374 3646 comparatos
1402 3574 1439 3631 ut
1468 3572 1604 3630 duorum

339 3673 509 3733 nominum
532 3673 616 3732 luter
639 3685 675 3732 se
698 3672 893 3732 sociatorum
916 3672 1087 3732 concinent
1111 3671 1255 3745 syllabae
1278 3670 1400 3746 finales,
1425 3686 1452 3730 e.
1477 3686 1526 3743 με

451 3771 549 3833 ἔσπετε
572 3779 629 3831 νῦν
653 3793 702 3850 μοι
724 3779 873 3850 μοῦσαι
892 3767 1038 3851 Ὀλύμπια
1062 3766 1168 3851 δώματ’
1194 3769 1364 3850 ἔχουσαι.
1389 3773 1414 3829 Β
1437 3771 1501 3830 484

450 3871 482 3934 ἕιι
504 3870 560 3954 γὰρ
578 3867 730 3952 Ὀρέσταο
753 3871 826 3946 τίσις
849 3871 961 3934 ἔσσεται
985 3875 1153 3956 Ἀτρεΐδαο.
1396 3894 1415 3931 α
1461 3873 1504 3932 40

452 3974 541 4056 Ἀργὼ
563 3983 635 4035 πᾶσι
658 3973 817 4053 μέλουσα
838 3970 905 4054 παρ’
933 3975 1046 4056 Αἰήταο
1069 3973 1229 4036 πλέουσα.
1397 3996 1417 4050 μ
1464 3974 1514 4034 70.

340 4079 431 4140 Τοιιο
462 4077 721 4140 homoeoteleuta
742 4093 833 4140 mero
857 4080 947 4139 cesui
971 4079 1088 4155 deberi,
1112 4077 1151 4137 ab
1174 4077 1253 4152 ipsis
1276 4078 1387 4136 autem
1411 4075 1541 4136 vatibus
1562 4088 1603 4134 ne
1730 4076 1734 4084 ’

340 4181 510 4242 observata
528 4181 659 4254 quidem
678 4195 761 4258 esse,
782 4179 903 4241 nedum
922 4180 1068 4242 consulto
1081 4179 1219 4255 invecta,
1232 4177 1314 4238 sotis
1326 4179 1451 4238 certum
1465 4176 1601 4237 videtur.

381 4381 456 4466 32.
489 4388 553 4448 Ars
586 4387 711 4464 poetica
741 4387 824 4463 apud
856 4386 994 4448 Graecos
1025 4385 1207 4446 rudimenta
1237 4385 1344 4459 qualia
1367 4381 1515 4444 habuerit
1537 4380 1601 4456 qni·
1664 4438 1667 4446 .

337 4490 438 4551 busve
472 4489 597 4564 legibus
630 4489 794 4565 adstricta,
826 4489 999 4550 nescimus.
1033 4487 1238 4561 simplicibus
1268 4486 1382 4546 metris
1412 4498 1490 4544 usos
1517 4498 1599 4558 esse,

337 4591 482 4652 carmina
504 4590 655 4652 hebulsse
677 4589 852 4667 popularia,
876 4591 992 4665 quibus
1014 4589 1101 4650 idem
1124 4589 1189 4650 iere
1214 4591 1324 4650 essent
1353 4588 1480 4648 numeri
1504 4587 1600 4658 atque

342 4739 506 4748 --.---——-
510 4739 582 4747 *-

370 4826 390 4895 ¹)
413 4830 558 4879 Oourtllone
585 4844 617 4878 ιιι
645 4843 706 4878 casn
735 4831 850 4879 dicemus
872 4845 894 4880 ο.
913 4843 937 4890 g.
961 4832 1052 4891 qnctm
1069 4829 1207 4892 repetitum
1231 4843 1288 4878 esse
1311 4843 1330 4876 ιι
1352 4829 1450 4876 initlclo
1475 4828 1500 4875 ln
1522 4840 1597 4876 versu

336 4915 361 4960 Γ
373 4911 405 4958 dd
423 4919 494 4978 ιιιιρι
509 4927 534 4959 ιι
551 4919 585 4976 οφ
598 4911 658 4973 μλγιι
674 4919 741 4972 aeppu
758 4913 827 4971 attat
843 4926 868 4959 ιι
885 4915 956 4958 aurel
972 4925 998 4958 n
1015 4911 1095 4974 clippi
1118 4911 1172 4958 lloo
1190 4910 1242 4959 verl
1261 4909 1342 4957 multo
1359 4911 1400 4957 eet
1415 4907 1533 4955 similius.
