3936 5704
945 717 1037 764 xuvli

354 893 526 972 ,appellari
547 891 704 956 solebant.
726 889 909 953 zenodotus
932 887 1031 965 igitur
1053 905 1154 964 quum
1177 885 1213 948 ul
1234 885 1624 970 unrxdyptppmoetrans·

354 997 527 1074 ,scriberet
546 994 587 1068 εἰς
609 991 645 1054 τὰ
670 987 789 1054 Ἰωνικά
806 991 900 1066 (quod
921 989 1212 1070 μιταχαραιτηρίζειν
1240 988 1421 1065 diditur...)
1445 994 1573 1057 videtur
1593 997 1625 1057 ln

355 1115 412 1176 ,aa
435 1115 469 1160 re
492 1095 661 1160 nonnullos
685 1095 891 1156 commisisse
916 1109 1050 1170 errores,
1075 1108 1156 1169 quoa
1179 1094 1297 1169 partlm
1320 1095 1555 1171 Aristophanes
1574 1097 1623 1159 de·

356 1199 551 1276 ,prehendit
571 1197 652 1258 alios
671 1196 890 1272 Aristarchus,
910 1194 991 1256 alios
1011 1194 1112 1256 critici
1134 1197 1207 1269 post
1219 1195 1466 1258 Aristarchum”
1479 1198 1623 1268 (Miscell.

353 1299 428 1361 Orlt.
451 1314 481 1373 p.
507 1299 593 1366 288).

396 1401 440 1460 At
460 1398 586 1460 nullum
606 1398 647 1460 ad
666 1399 749 1460 hanc
768 1413 863 1458 suam
875 1397 1059 1473 opinionem
1079 1397 1232 1458 tuendam
1245 1400 1473 1473 argumentum
1488 1399 1626 1462 Oobetus

351 1499 463 1560 attulit
492 1498 638 1575 potuitve
661 1499 777 1559 atierre
797 1500 830 1573 ¹),
861 1498 984 1571 optimo
1008 1498 1120 1558 autem
1148 1497 1217 1558 lure
1239 1497 1392 1560 Ludwlch
1411 1499 1625 1562 Aristarchi

352 1617 382 1676 p.
408 1601 446 1661 ll
479 1598 675 1670 observavit,
707 1596 907 1673 exemplaria
936 1597 1055 1659 Atticis
1079 1596 1197 1658 litteris
1220 1598 1399 1673 perscripta
1422 1600 1462 1660 nd
1486 1601 1622 1662 Aristar·

352 1703 449 1762 chum
481 1701 601 1760 saltem
632 1697 721 1759 nulla
751 1699 938 1773 pervenisse
962 1697 1063 1758 videri
1083 1701 1116 1774 ²),
1143 1697 1267 1759 nullam
1291 1701 1378 1762 certe
1402 1716 1514 1762 eorum
1538 1718 1624 1764 men·

353 1802 477 1861 tionem
516 1799 584 1860 lieri
619 1799 650 1858 in
679 1799 807 1874 scriptis
838 1799 1136 1873 Aristarcheorum;
1169 1799 1227 1860 hos
1270 1801 1452 1876 complures
1494 1803 1625 1876 quidem

353 1915 477 1964 errores
510 1903 653 1972 notasse,
686 1915 767 1973 quos
801 1916 819 1961 e
851 1902 982 1961 vetusta
1011 1899 1195 1961 litteratura
1225 1901 1359 1963 iluxlsse
1390 1902 1625 1982 intellegerent,

354 2004 411 2064 sod
453 2003 492 2063 de
530 2001 688 2062 eiusmodi
731 2000 809 2061 locis
849 2001 896 2060 ita
937 1999 1061 2061 locutos
1098 2015 1171 2061 esso
1206 2002 1244 2061 ut
1284 2004 1439 2078 appareat
1472 2019 1528 2065 eos
1562 2020 1626 2066 non

355 2103 472 2164 Atticis
503 2099 743 2176 exemplaribus
774 2099 926 2161 adhibitis
951 2101 1010 2162 sed
1033 2101 1225 2178 conlectura,
1249 2102 1280 2162 in
1304 2117 1404 2176 quam
1426 2105 1461 2165 et
1481 2105 1627 2167 hodierni

355 2204 506 2281 philologi
535 2205 663 2280 possint
684 2202 834 2281 incidere,
864 2202 1017 2264 vitiorum
1048 2203 1176 2267 illorum
1204 2220 1337 2265 causam
1361 2205 1531 2268 indicasse.
1555 2207 1626 2269 vid.

355 2308 454 2370 schol.
487 2309 602 2368 11238
633 2302 739 2370 5241
768 2306 797 2363 Φ
820 2306 892 2383 127,
917 2307 981 2368 868
1012 2305 1045 2366 ln
1075 2306 1143 2368 cod.
1175 2306 1306 2382 donov,
1329 2329 1349 2366 ο
1374 2309 1426 2384 52,
1451 2309 1527 2384 214,
1551 2310 1626 2371 271.

357 2409 466 2471 Unum
496 2409 572 2471 novi
603 2408 710 2470 locum
744 2406 862 2468 coneto
892 2407 1067 2483 laventem,
1099 2407 1154 2482 qul
1184 2407 1342 2483 reperitur
1372 2409 1404 2469 lu
1433 2409 1565 2471 scholiis
1587 2411 1627 2472 ad

359 2513 388 2567 Λ
413 2509 486 2585 104,
509 2509 565 2569 ubi
588 2509 636 2569 aic
657 2508 800 2581 loquitur
818 2507 1038 2570 Aristonicus:
1063 2506 1098 2580 d]
1117 2502 1138 2584 οἱ
1158 2507 1247 2586 διπλῆ
1268 2506 1312 2568 du
1332 2508 1501 2585 Ζηνόδοτος
1520 2509 1628 2589 γράφει

359 2606 444 2684 „W
475 2607 588 2687 μήποτε
611 2603 645 2667 dl
673 2605 867 2684 πεπλάνηται,
888 2603 1091 2686 γεγραμμένου
1115 2614 1168 2666 acii
1193 2607 1219 2668 0
1241 2601 1291 2666 trr'
1316 2604 1458 2687 ἀρχαϊκῆς
1481 2609 1628 2687 σημασίας

356 2705 422 2769 ἀντὶ
450 2715 503 2770 τοῦ
528 2709 569 2786 Ω,
590 2703 734 2786 προσθεὶς
764 2705 796 2767 τὸ
820 2709 860 2768 Ν.
890 2704 1027 2786 ἔστιγὰρ
1050 2703 1117 2785 περὶ
1140 2706 1223 2767 δυεῖν
1246 2703 1263 2768 ὁ
1285 2706 1381 2789 λόγος.
1405 2709 1492 2788 Quae
1515 2712 1626 2773 18111611

356 2811 434 2872 nihll
464 2811 599 2887 probant
630 2809 693 2870 nisi
724 2808 944 2871 Aristonicum
976 2809 1044 2870 toto
1074 2809 1203 2870 saeculo
1234 2811 1268 2871 ot
1298 2811 1440 2887 amplius
1462 2813 1536 2888 post
1559 2813 1626 2874 Ari·

354 2915 475 2977 starchi
495 2916 635 2976 mortem
659 2912 878 2989 praeterlapso
896 2915 1022 2988 putcem
1045 2911 1206 2973 Zenodoto
1229 2913 1398 2988 exemplar
1423 2915 1554 2976 vetusta
1577 2915 1626 2976 lit·

354 3017 499 3077 teratura
528 3015 700 3076 exaratum
731 3014 772 3073 ad
804 3028 938 3074 manum
970 3014 1082 3074 tuisse.
1115 3014 1192 3074 Inde
1222 3029 1243 3074 a
1273 3015 1385 3088 quinto
1416 3017 1528 3077 autem
1550 3017 1626 3077 ante

356 3115 426 3176 Ohr.
461 3114 590 3176 saeculo
621 3113 772 3175 extitisse
811 3112 946 3174 Homeri
980 3113 1137 3175 editiones
1168 3113 1347 3174 recentiora
1381 3115 1497 3176 Ionum
1532 3117 1626 3191 signa

355 3217 544 3280 exhibentes
569 3214 662 3276 docet
684 3213 871 3276 Antimachi
895 3211 1080 3289 Colophonii
1100 3213 1267 3287 exemplar
1286 3217 1320 3290 ⁸),
1341 3213 1374 3275 in
1398 3231 1461 3290 quo
1482 3219 1624 3276 ΜΑΧΗ-

355 3319 505 3394 ΣΟΜΑΙ,
534 3331 598 3378 non
630 3314 931 3374 ΜΑΧΕΣΣΟΜΑΙ
959 3313 1060 3374 luisse
1090 3314 1232 3374 testatur
1258 3313 1434 3388 Didymus:
1458 3317 1492 3376 in
1516 3317 1626 3378 Attica

355 3421 528 3492 utrumque
553 3416 671 3478 litteris
703 3414 976 3475 ΜΛΧΕΣΟΜΑΙ
1002 3413 1079 3475 clim
1110 3412 1320 3476 indicabatur.
1352 3415 1444 3477 idem
1475 3417 1564 3479 valet
1586 3419 1625 3480 de

359 3519 496 3581 vetustis
534 3517 626 3578 libris
662 3515 870 3577 liassillotico
906 3514 1054 3589 Sinopico
1084 3513 1215 3592 Argivo,
1250 3515 1305 3590 qui
1343 3517 1377 3577 in
1415 3519 1547 3580 scholiis
1586 3521 1625 3584 ad

357 3623 386 3678 A
416 3621 479 3682 298
514 3618 650 3680 eandem
680 3617 720 3679 ob
750 3631 885 3678 causam
916 3615 1098 3677 laudantur.
1130 3616 1308 3678 videantur
1339 3618 1440 3681 etiam
1471 3620 1626 3684 lectiones

356 3719 476 3804 ᾠνοχόει
499 3723 529 3779 A
551 3720 615 3782 198
645 3711 782 3799 εἰοχθέοέ
819 3721 848 3778 Φ
872 3717 936 3780 282
967 3718 1143 3780 eorundem
1176 3719 1407 3794 inscriptorum
1431 3723 1625 3786 auctoritate

356 3823 396 3885 ab
429 3823 617 3884 Aristarcho
654 3821 765 3900 tultae,
799 3822 916 3896 qulbus
946 3820 1026 3883 locis
1059 3818 1102 3881 oi-
1133 3822 1167 3881 et
1197 3817 1243 3899 tp
1273 3821 1457 3885 scribebant
1486 3823 1559 3886 alii:
1591 3825 1625 3884 in

356 3925 474 3986 Atticis
496 3923 736 3999 exemplaribus
761 3923 953 3983 Olllloliolc'
974 3924 1010 3984 et
1031 3921 1266 3982 ΗΕΡΧΘΕΝΤ
1285 3937 1358 3984 esse
1381 3923 1500 3986 debuit.

400 4027 513 4089 Nullos
536 4040 678 4100 unquam
702 4025 852 4086 extitisse
877 4023 1009 4085 Homeri
1028 4022 1127 4084 libros
1150 4023 1269 4085 Atticis
1291 4023 1409 4087 litteris
1432 4027 1627 4104 perscriptos

357 4127 568 4191 confidentius
598 4144 696 4204 quam
725 4127 920 4204 probabilius
950 4127 1054 4188 edixit
1083 4142 1146 4188 von
1174 4126 1393 4188 Wilamcwltz
1416 4129 1628 4193 Homeriscbe

358 4229 648 4305 Untersuchuugen
678 4244 708 4305 p.
737 4229 800 4290 286
826 4244 896 4302 sqq.
931 4228 991 4288 Sed
1023 4227 1075 4289 lac
1104 4243 1218 4288 rerum
1252 4228 1372 4290 vidisse
1404 4230 1512 4292 virum
1535 4231 1627 4293 illum

362 4415 529 4426 ——u—

394 4527 413 4594 ¹)
430 4532 468 4581 01.
486 4533 572 4581 Ohrlal
588 4531 689 4594 Prolag.
707 4533 738 4580 ΙΙ.
756 4546 781 4593 p.
801 4534 858 4580 10⁵.

392 4609 413 4668 ³)
430 4611 468 4659 cl.
486 4611 561 4660 (ilaec
577 4610 648 4659 Aeol
663 4607 766 4658 nidera
782 4623 807 4671 p.
828 4611 876 4658 isa
895 4624 950 4671 aqq.

393 4685 415 4753 ⁸)
432 4690 537 4736 Videtur
563 4691 575 4750 i
602 4691 761 4749 Ὰηιμάχιιος
783 4690 864 4738 misae
887 4689 953 4739 liber
975 4688 1008 4736 ab
1025 4690 1083 4750 ipsc
1099 4689 1252 4738 Antimacho
1267 4701 1315 4736 aaa
1334 4701 1411 4736 mauu
1429 4691 1567 4738 corraotua.
1586 4690 1629 4737 Sic

362 4766 483 4814 Alcibiadi
514 4767 720 4825 ludlmrglatrum
751 4767 877 4816 obtulisse
908 4769 1049 4832 liquorum
1074 4781 1089 4814 a
1116 4781 1144 4816 as
1171 4767 1337 4834 trupaspim
1362 4770 1450 4815 narret
1475 4767 1630 4817 Plutarchus

362 4846 413 4894 Ale.
432 4846 454 4893 1.
