3880 5678
1005 739 1067 800 180
1572 737 1601 806 15
1625 737 1667 795 45

450 963 490 975 -
514 923 583 998 ἕδός
606 921 718 1004 (enfin)
742 929 770 984 A
795 927 858 986 633
883 926 997 1001 1420,
1020 925 1083 986 687
1108 927 1150 984 Μ
1168 926 1232 985 230
1253 926 1356 986 Piae
1377 926 1487 984 >2451
1509 923 1529 1002 β
1550 924 1612 983 247
1625 921 1665 999 (1)

405 1052 425 1107 η
450 1032 479 1105 7,
505 1031 567 1090 196
591 1023 631 1104 (1)
655 1029 679 1084 δ
703 1026 776 1086 624.
802 1025 846 1086 Oi.
867 1025 885 1094 5
905 1026 956 1086 96.
972 1025 1083 1086 -Sed
1103 1025 1182 1086 locls
1201 1026 1274 1100 plus
1297 1026 1529 1099 quinquaginta
1548 1025 1665 1098 spiran-

406 1135 473 1193 tem
504 1129 675 1192 evanuisse
705 1126 791 1186 claro
821 1125 962 1186 ostendit
991 1128 1143 1201 metrum,
1174 1126 1306 1198 reliquls
1338 1123 1483 1202 (triginta
1514 1121 1592 1199 iere)
1615 1137 1667 1182 res

405 1233 444 1293 ad
467 1231 624 1305 liquidum
647 1227 776 1304 perduci
799 1226 919 1298 nequit.

448 1332 592 1404 vestigia
625 1329 753 1389 litterae
783 1327 889 1400 sigma
925 1327 1099 1386 ostendunt
1128 1328 1227 1387 etism
1257 1327 1329 1404 loci,
1361 1328 1414 1387 ubi
1449 1330 1526 1386 ante
1559 1340 1667 1385 mono·

404 1434 563 1508 syllabam
579 1431 676 1491 huius
694 1427 871 1503 possessivi
889 1426 1027 1486 formam
1048 1425 1104 1497 qu
1124 1423 1214 1502 (olim
1238 1425 1323 1504 οἰός)
1343 1427 1527 1502 producitur
1547 1425 1668 1486 vocalis

403 1535 521 1610 brevis,
545 1548 572 1593 6.
596 1546 626 1605 q.
649 1524 801 1609 θυγατέρα
822 1525 884 1605 δήν
908 1528 936 1584 Ε
958 1528 1020 1586 371
1047 1528 1072 1584 Z
1096 1527 1158 1586 192
1183 1532 1213 1585 Λ
1238 1529 1301 1588 226
1326 1529 1358 1585 Ν
1381 1529 1454 1587 sio.

451 1688 481 1746 4.
506 1679 566 1742 166
590 1674 692 1758 (elne)
717 1679 750 1738 et
772 1655 964 1756 ripaticum,
985 1672 1091 1755 ἕπομαι
1115 1672 1256 1754 (sequor).
1283 1676 1328 1738 of.
1352 1677 1370 1744 5
1393 1677 1467 1737 247.

452 1838 481 1899 5.
505 1831 613 1916 ἕρματα
635 1825 790 1911 (σέρματα)Ι
811 1825 839 1896 Ξ
859 1830 932 1891 182.
957 1829 1002 1892 ci.
1027 1831 1045 1900 5
1069 1831 1143 1891 277.

452 1992 482 2051 6.
507 1983 562 2066 ἔχον
585 1981 682 2065 (siqu)
708 1985 735 2042 n·
760 1984 822 2044 762
848 1982 874 2041 Θ
897 1979 1014 2063 illidii)
1038 1985 1065 2042 li
1090 1985 1153 2044 264
1177 1985 1207 2042 Σ
1230 1981 1346 2061 66011)
1372 1985 1398 2041 l·
1419 1984 1460 2045 49
1484 1982 1516 2040 Χ
1536 1981 1612 2042 412.

453 2089 558 2149 Etiam
593 2087 771 2160 composita
803 2084 957 2146 nonnulla
991 2086 1024 2144 et
1058 2085 1202 2144 derivata
1232 2085 1313 2146 satis
1346 2085 1506 2158 integram
1537 2082 1670 2144 servant

408 2192 535 2252 litterae
554 2189 660 2262 sigma
679 2186 888 2248 memoriam:
908 2183 1061 2266 ὑπείρεχον
1081 2181 1276 2265 (δαέροεχον),
1294 2181 1450 2263 ὑπείροχος
1473 2180 1670 2264 (sulpeum),

403 2286 579 2371 ‘Thelpozoffi
597 2284 797 2367 Ἥεειροχίδης
820 2285 851 2364 (5
874 2285 960 2364 315),
983 2283 1096 2371 παρέχῃ
1119 2282 1274 2371 (καρσέχῃ)
1298 2288 1400 2364 6113,
1424 2282 1560 2365 σαννεχές
1584 2282 1667 2362 (συν-

408 2391 499 2473 σεχὲς)
524 2395 565 2451 Μ
585 2394 627 2452 26
650 2413 662 2450 ι
686 2391 737 2464 74,
760 2386 844 2468 βὲλῦς
867 2386 1016 2469 ἒχεκευκὲς
1040 2393 1068 2448 A
1092 2391 1130 2449 51
1157 2395 1184 2448 Δ
1210 2391 1271 2450 121)
1292 2386 1466 2469 (Altini),
1486 2389 1668 2466 καταΐσχεται

407 2518 418 2555 ν
445 2497 506 2556 122
531 2491 564 2575 Ι).
592 2493 743 2554 Fortasse
774 2491 873 2551 etlam
903 2491 1012 2552 hiatus
1042 2489 1085 2551 liu
1104 2487 1236 2569 ,Ἕκτορα
1259 2490 1291 2549 Ω
1316 2493 1379 2552 663
1403 2492 1477 2552 6166
1500 2493 1552 2551 est
1574 2505 1667 2550 excu-

408 2599 539 2674 sandus,
570 2596 599 2656 sl
629 2595 759 2666 quidem
782 2592 930 2654 Hectoris
952 2607 1069 2652 nomen
1093 2607 1113 2652 a
1134 2593 1240 2653 radice
1263 2607 1325 2670 αχ-
1348 2593 1480 2654 ductum
1503 2594 1570 2666 est;
1595 2591 1669 2651 allis

407 2699 519 2758 tamsn
552 2694 631 2766 locis
663 2692 834 2769 permultis
867 2691 992 2752 nullum
1025 2692 1154 2752 litterae
1183 2693 1289 2766 sigma
1318 2693 1493 2766 vestigium
1524 2691 1668 2752 servavit

407 2799 468 2858 hoo
490 2810 608 2856 nomen
629 2793 803 2868 proprium.

454 2949 482 3007 7.
514 2945 620 3006 Etiam
651 2936 822 3020 μεταϊζέμεν’
855 2962 877 3001 νο
908 2944 972 3004 362
995 2946 1058 3004 linc
1081 2945 1168 3004 esset
1191 2944 1403 3020 referendum,
1427 2945 1456 3005 sl
1479 2959 1559 3004 eane
1582 2945 1669 3003 esset

406 3048 503 3108 lectio
524 3045 659 3118 tradita;
685 3043 741 3103 sed
763 3057 937 3117 pronomen
961 3044 1119 3105 excidisse
1142 3041 1208 3122 (σφι
1235 3040 1410 3123 μεθιζὲμεδ)
1431 3047 1488 3106 661
1508 3043 1578 3116 ἵζειν
1598 3041 1669 3122 μετὰ

407 3146 578 3220 legendum
610 3159 682 3204 esse
708 3143 777 3202 veri
798 3143 925 3203 videtur
947 3145 1097 3205 similius.
1120 3144 1226 3205 Etiam
1250 3146 1360 3206 hiatus
1382 3144 1438 3203 616
1460 3138 1528 3204 ἆλτο
1552 3149 1581 3203 A
1604 3146 1667 3204 632

407 3245 543 3306 inserte¹
557 3243 668 3303 littera
698 3239 716 3297 δ
745 3236 844 3318 (ἅλαδ’
878 3235 958 3320 ἆλτο)
991 3243 1167 3316 explendus
1195 3259 1268 3304 esse
1291 3246 1417 3305 videtur
1438 3245 1546 3319 potius
1569 3258 1667 3317 quam

408 3360 449 3405 ex
471 3343 581 3402 littera
602 3339 719 3400 initiali
742 3341 858 3400 radicis
880 3344 948 3400 σαλ-
969 3342 1062 3401 salire
1085 3339 1115 3418 (5
1140 3340 1214 3421 166)
1239 3345 1456 3419 explicandus.

451 3538 474 3624 ᾖ
497 3540 550 3608 li).
573 3541 661 3618 Quod
684 3541 716 3602 in
738 3542 939 3616 praecedenti
962 3543 980 3612 5
1004 3544 1191 3621 statuimus,
1215 3545 1386 3605 nonnullas
1416 3545 1539 3606 radices
1563 3545 1668 3620 sigma

406 3661 502 3708 suum
533 3644 657 3706 initiale
687 3645 762 3705 ante
792 3645 922 3718 tempus
951 3645 1160 3707 Homericum
1195 3647 1355 3726 emisisse,
1387 3648 1439 3708 hic
1462 3647 1527 3708 illic
1557 3649 1667 3708 tamen

407 3749 639 3810 intermortuae
669 3747 822 3823 spirantis
851 3763 1004 3822 apparere
1034 3750 1181 3827 vestigia,
1213 3765 1252 3810 ea
1281 3751 1386 3825 opinio
1409 3750 1536 3826 6666616
1559 3749 1666 3810 contir-

407 3853 517 3912 matur
547 3850 576 3911 si
606 3848 801 3910 conterimus
832 3864 928 3911 voces
958 3853 1141 3927 sequentes,
1166 3866 1248 3925 quae
1272 3852 1304 3912 16
1328 3853 1421 3912 textu
1445 3851 1562 3912 tradito
1585 3851 1666 3912 litte·

406 3967 478 4014 ram
501 3967 533 4011 ο-
555 3951 650 4013 modo
673 3952 805 4012 servant
828 3952 922 4012 modo
945 3951 1103 4014 abiciunt:

453 4056 481 4117 1.
512 4052 652 4131 σκίδνημι
670 4085 712 4094 -
733 4049 880 4131 ἐκέδασσε,
907 4054 1052 4131 κίδνᾶται,
1082 4051 1225 4132 tultellae,
1259 4051 1429 4130 ἐκέδασθεν,
1462 4051 1668 4130 κεδασθείσης,

402 4152 606 4232 κεδασθέντες,
638 4156 678 4217 ci.
709 4157 726 4226 5
758 4157 832 4217 301.
868 4156 1042 4231 Pleraeque
1076 4157 1208 4232 formae,
1240 4174 1260 4219 a
1290 4159 1406 4232 quibus
1436 4156 1530 4217 abest
1559 4156 1667 4216 littera

402 4259 518 4335 sigma,
548 4260 653 4318 metro
675 4259 819 4332 adaptari
842 4274 905 4318 non
928 4262 1077 4334 poterant
1098 4260 1161 4320 nisi
1185 4261 1311 4334 spirans
1335 4259 1389 4319 illa
1413 4259 1547 4318 initialis
1570 4256 1664 4329 negli-

401 4361 548 4433 gerstun
571 4358 604 4418 ln
628 4358 741 4418 iormls
764 4355 898 4417 ἐκίδνατο
922 4361 955 4419 et
977 4359 1112 4419 κίδναται
1136 4361 1246 4421 tamen
1269 4375 1332 4420 non
1356 4359 1444 4420 valet
1466 4359 1546 4418 haec
1566 4356 1664 4431 expll-

402 4460 496 4520 oandl
529 4459 622 4533 ratio,
657 4458 741 4518 unde
772 4459 906 4532 apparet
937 4459 1072 4519 verbum
1103 4456 1268 4537 (ο)κίδνημι
1301 4474 1363 4518 666
1395 4473 1468 4518 esse
1500 4459 1532 4518 ln
1566 4472 1665 4518 unum

402 4558 623 4622 coniciendum
647 4573 721 4617 cum
746 4559 878 4618 vocibus
900 4557 1099 4639 Σκάμανδρος
1123 4561 1195 4636 eto,
1220 4560 1356 4633 quasin
1381 4559 1399 4626 5
1419 4559 1460 4617 28
1485 4557 1665 4632 attulimus,

435 4810 456 4878 ¹)
472 4813 582 4873 vogrlm
603 4813 677 4860 Hom.
701 4812 814 4860 Gumm.
838 4825 862 4872 p.
881 4813 912 4860 89
935 4814 1071 4875 proposuit
1095 4817 1254 4873 κασαοὶσχικαο
1272 4811 1330 4860 6011.
1349 4817 1488 4877 mansdatis
1506 4831 1519 4861 v
1537 4813 1584 4859 11⁰
1602 4806 1665 4874 (vid.

402 4891 418 4953 5
439 4889 507 4956 sio).
