3934 5706
314 827 333 897 S
356 829 410 899 33]
923 829 984 890 117

360 1029 391 1098 4)
426 1025 718 1109 αἰφηρός-λοιψηρός
739 1031 787 1102 (t).
830 1029 964 1091 Brevior
1004 1030 1118 1106 forme,
1169 1045 1252 1105 quae
1293 1029 1422 1092 nonnisi
1466 1033 1493 1089 T
1524 1031 1588 1092 276

315 1129 391 1208 (κβ
415 1131 490 1198 357)
514 1127 532 1188 d
558 1131 620 1190 103
644 1131 690 1201 (ot
712 1132 741 1189 Κ
765 1131 866 1200 3581)
897 1130 1065 1206 reperitur,
1090 1130 1228 1192 tortasse
1253 1146 1316 1194 non
1339 1131 1491 1194 cohaeret
1513 1145 1589 1192 cum

315 1229 462 1308 λαιψηρός
496 1231 553 1291 eed
585 1231 625 1290 ab
657 1223 735 1305 alca
766 1233 863 1292 ducta
895 1234 963 1306 eet;
996 1231 1158 1306 significet
1187 1232 1275 1294 enim
1307 1231 1437 1310 αἰψηρός
1459 1231 1587 1307 modos,

315 1331 401 1406 odiro,
431 1329 578 1407 λαιψηρός
608 1346 685 1393 vero
714 1332 838 1409 porcio,
866 1333 1008 1408 rapido-s.
1040 1333 1153 1406 Ipsum
1175 1334 1286 1395 iernen
1310 1325 1388 1408 οῐψο
1412 1347 1511 1407 quem
1535 1332 1587 1392 he·

316 1432 391 1493 beat
413 1432 570 1506 originem
593 1433 769 1508 ignoratur.

361 1535 392 1604 ὅ)
414 1532 538 1612 δοῦπος,
559 1529 677 1594 oronte
701 1535 730 1604 (ἓ
757 1535 832 1604 158)
855 1550 930 1596 cum
954 1535 1076 1596 aoristo
1101 1531 1293 1616 ἐγδούπησαν
1316 1539 1348 1596 Λ
1372 1537 1414 1598 45
1439 1531 1471 1607 “).

415 1631 573 1715 έρΐδοοπος
584 1674 597 1682 -
610 1633 787 1717 ἐρίγδουπος
811 1631 845 1709 ²).

417 1737 561 1815 cognata
584 1739 662 1800 eunt
683 1735 795 1812 ντΰπος
818 1735 942 1800 crinin.

359 1838 392 1912 6)
414 1837 516 1918 νέφος,
537 1837 647 1917 νεφέλη
661 1874 701 1885 -
715 1837 827 1916 κνέφας
851 1843 886 1903 et
908 1837 924 1901 ὅ
951 1839 1052 1920 ζόφος,
1076 1841 1234 1923 δνοφερός,
1255 1839 1431 1920 ἕτοᾶνεφής.

361 1941 391 2008 7)
413 1939 549 2012 σύν-ξύν.
578 1941 723 2015 Utroque
753 1942 859 2002 forme
892 1942 993 2003 otiam
1021 1943 1054 2002 in
1078 1943 1312 2017 compositione
1335 1944 1521 2018 usurpatur.
1550 1945 1589 2003 In

315 2041 408 2101 textu
438 2042 549 2101 nutem
579 2042 697 2102 tradito
727 2041 782 2114 ξύν
805 2042 933 2103 nonnisi
956 2043 997 2103 iis
1021 2043 1101 2104 locis
1124 2044 1283 2119 reperitur
1305 2044 1423 2117 quibus
1447 2041 1504 2102 σύν
1532 2057 1589 2118 per

315 2144 457 2201 metrum
480 2143 568 2203 stare
588 2142 700 2216 nequit
723 2145 759 2213 (Z
771 2145 836 2203 372
853 2143 933 2205 026
951 2145 1041 2220 eto.);
1065 2145 1099 2206 in
1121 2144 1310 2220 compositio
1321 2148 1433 2206 temen
1444 2143 1555 2204 littere
1574 2143 1589 2217 ξ

316 2243 415 2305 etiarn
437 2260 501 2306 non
523 2245 690 2319 flagitante
714 2247 819 2306 metro
842 2245 895 2306 irio
919 2245 985 2308 illio
1008 2247 1129 2323 scripte
1148 2249 1209 2309 eet.
1235 2247 1346 2309 Multis
1365 2248 1475 2308 nutem
1497 2245 1587 2322 locis,

316 2344 370 2404 ubi
402 2359 488 2406 nunc
518 2346 636 2420 legitur
665 2345 771 2407 torma
800 2347 935 2420 vulgata
966 2346 1033 2426 σύν,
1062 2348 1243 2422 antiquitus
1274 2347 1376 2409 misse
1407 2346 1462 2420 ξύν
1486 2345 1588 2422 (εον-γ,

315 2446 422 2521 quivis
444 2447 642 2522 suspicatum
667 2464 743 2510 curn
766 2450 878 2509 temen
902 2463 966 2509 non
989 2449 1072 2510 entis
1104 2451 1232 2513 constet
1254 2465 1337 2525 quae
1360 2449 1442 2511 ratio
1466 2449 1587 2522 etymo·

316 2549 419 2623 logica
452 2549 632 2613 intercedat
660 2552 746 2613 inter
777 2553 950 2627 utramque
979 2553 1119 2615 formem
1151 2554 1249 2628 atque
1279 2553 1476 2614 ediectivum
1499 2547 1589 2624 ξονός

316 2652 463 2727 (cognato
486 2669 558 2715 esee
581 2653 681 2728 κοινός
709 2655 744 2716 et
766 2653 904 2716 latinum
928 2671 1000 2715 mm
1024 2654 1119 2717 multi
1143 2655 1387 2732 contenderunt,
1410 2653 1467 2715 eod
1491 2653 1589 2728 negat

317 2755 503 2830 Brugmann
538 2757 682 2820 Gramm.
717 2759 845 2836 5200),
880 2759 914 2820 ot
943 2759 1048 2819 forme
1079 2757 1134 2832 ξύν
1158 2759 1296 2821 Athenis
1319 2757 1530 2833 potissimum
1555 2754 1589 2817 in

318 2873 379 2918 ceo
395 2859 493 2921 inerit
511 2861 561 2931 (ci.
583 2861 796 2922 Meisterhane
816 2861 960 2922 Gremm.
980 2862 1010 2923 d.
1031 2862 1090 2922 att.
1111 2861 1248 2924 Ineohr.²
1268 2878 1299 2939 p.
1323 2862 1383 2924 181
1399 2862 1464 2923 not.
1481 2861 1588 2937 1502),

318 2961 471 3036 praestat,
495 2963 531 3023 ut
554 2963 588 3023 in
611 2978 645 3024 re
668 2963 765 3025 dubie
788 2957 822 3039 ³),
847 2963 993 3025 codicum
1017 2963 1109 3038 sequi
1132 2962 1239 3026 iidem.

257 3126 260 3130 ,
361 3062 407 3122 Do
429 3061 549 3124 litteris
570 3065 594 3122 J
616 3065 650 3125 et
672 3079 690 3123 σ
713 3065 746 3124 in
771 3065 1000 3136 vocabulorum
1025 3065 1118 3127 initio
1142 3065 1287 3126 evanidis
1309 3065 1349 3126 ci.
1373 3065 1391 3134 ἓ
1416 3065 1456 3124 41
1482 3067 1515 3124 et
1534 3063 1588 3123 44.

360 3277 430 3338 Non
452 3293 628 3340 consonam
651 3280 708 3342 sed
736 3278 883 3342 vocalem
907 3281 1062 3343 mobilem
1087 3279 1222 3343 hebent:

363 3380 393 3447 1)
415 3375 711 3460 ἀστεροπίροτεροπή.
742 3383 879 3457 Longior
910 3383 1023 3442 temen
1054 3381 1159 3444 torma
1181 3381 1299 3456 ubique
1318 3381 1427 3456 potest
1448 3379 1589 3456 restitui,

317 3478 503 3542 Aristarcho
532 3496 597 3542 non
628 3481 740 3559 invito,
764 3482 803 3544 cf.
829 3485 861 3542 A
886 3482 966 3543 184:
991 3477 1024 3542 rt
1048 3482 1204 3561 στεροπήν,
1232 3481 1414 3560 Ἀρίσταρχος
1442 3477 1514 3560 μετὰ
1537 3487 1591 3540 τοῦ

317 3592 347 3654 α,
368 3575 541 3659 ἀοπροπήο.
566 3581 611 3642 ci.
636 3579 835 3662 ἀστεροπητής
857 3584 891 3644 et
913 3579 1078 3663 ἀσοράπτο.
1103 3617 1144 3626 -
1168 3583 1362 3658 suspectum
1390 3581 1442 3642 eet
1470 3581 1589 3657 epithe-

318 3681 372 3740 ton
396 3679 623 3761 στεροπηγερέτα
648 3683 723 3756 Ζεύς
749 3685 783 3742 Π
805 3685 880 3745 298.

362 3781 393 3851 2)
415 3777 542 3861 ἄσταχυς
568 3785 592 3842 Β
618 3785 680 3845 148
704 3785 736 3847 h.
763 3783 831 3846 Ger.
857 3785 933 3862 455,
958 3787 1022 3847 457
1038 3820 1077 3830 —
1093 3785 1199 3867 στάχυς
1222 3788 1257 3846 Ψ
1279 3784 1354 3863 598,
1375 3781 1591 3863 ὑποσταχύοιτο

317 3907 336 3945 c
360 3885 434 3947 212.

361 3989 393 4059 3)
415 3983 546 4068 ὄγοορος
569 3988 647 4051 Hoc.
671 3953 789 4065 nneog.
815 3989 879 4052 832
904 3989 1020 4052 Herod.
1047 3989 1106 4052 vn
1129 3991 1170 4052 37
1184 4024 1224 4035 -
1245 3996 1357 4071 γοσρος
1381 3988 1465 4066 opud
1488 3990 1591 4065 poste·

317 4089 417 4152 riores
440 4090 491 4162 (ci.
516 4092 535 4162 5
561 4093 650 4162 175).

350 4358 369 4426 ¹)
387 4365 498 4414 Mettum
525 4378 574 4412 non
599 4365 687 4413 obem
711 4365 850 4426 qnomtnno
876 4379 923 4428 pro
950 4366 1052 4428 όοοπροο
1078 4366 1105 4413 ot
1131 4365 1249 4426 donatori
1274 4363 1403 4413 scribetur
1425 4361 1542 4422 γδούποοο
1565 4363 1593 4410 ot

316 4445 447 4506 γδοοπσοοι
471 4445 590 4494 οτοιτ11οατ
615 4447 679 4496 tocie
704 4445 800 4508 qnibne
824 4446 873 4494 heo
896 4447 994 4495 iorrnee
1016 4447 1163 4495 ooonrrnnt
1187 4446 1242 4495 Non
1265 4447 1352 4494 temen
1372 4442 1516 4492 eddendern
1533 4455 1591 4492 oneo

316 4526 427 4573 littornm
450 4545 466 4585 γ
488 4525 564 4574 docet
587 4527 776 4593 substantivum
801 4526 893 4582 δοῦπος,
917 4540 1001 4586 equo
1023 4526 1161 4574 montineto
1186 4525 1260 4574 obest
1282 4531 1304 4573 A
1322 4525 1371 4574 roe
1401 4529 1428 4573 11
1442 4524 1491 4573 esd
1515 4537 1533 4572 π
1551 4525 1591 4586 10,

317 4607 411 4668 qnibnr
432 4607 496 4656 looie
518 4607 646 4656 antecedit
669 4607 769 4666 epilebe
786 4606 880 4666 brevio,
898 4606 1012 4667 itemque
1030 4607 1201 4667 cornpoettnm
1220 4601 1348 4672 Ιρέδουπος,
1366 4605 1396 4653 In
1415 4617 1491 4654 remu
1510 4622 1523 4652 ο
1541 4603 1590 4652 tre

318 4700 364 4748 pro
381 4687 507 4747 tricorpor
523 4688 611 4735 Nenoir
628 4688 763 4748 proposuit
773 4688 909 4748 δγσούπροι,
926 4686 973 4735 nod
990 4686 1116 4736 serrendo
1133 4686 1236 4734 ridetur
1258 4685 1422 4747 praepositio.

350 4765 370 4826 ¹)
387 4766 493 4814 Brevior
517 4767 598 4814 forme
624 4779 727 4827 temper
752 4767 851 4815 clandit
875 4780 987 4828 verrom,
1014 4769 1122 4827 excepto
1146 4780 1198 4814 nno
1225 4767 1282 4814 iooo
1311 4773 1334 4812 r
1355 4765 1395 4826 5⁰,
1418 4765 1463 4812 nbi
1482 4765 1591 4813 fortene

317 4845 455 4905 legendum
472 4848 513 4892 ost
529 4846 609 4894 ἄλλοτε
624 4847 717 4910 μακρὸν
734 4847 794 4893 &rid
815 4847 849 4893 tri
869 4848 961 4894 turem
979 4846 1113 4912 loedoriam.
1134 4846 1173 4894 01.
1192 4859 1216 4906 p.
1236 4847 1267 4894 16
1286 4847 1312 4892 et
1329 4843 1345 4904 ξ
1362 4845 1417 4892 191.

353 4921 374 4988 ⁸)
393 4924 430 4973 Ne
457 4924 483 4972 id
501 4923 606 4984 quidem
622 4924 742 4972 omnibus
759 4926 858 4972 ccrtnrn
877 4924 987 4982 ridetur,
1008 4924 1124 4973 eiusdem
1142 4923 1249 4971 voonlee
1267 4922 1454 4972 sementinae
1471 4933 1529 4970 onec
1547 4925 1591 4969 οὐν

320 5005 346 5051 et
363 5001 409 5060 ξύν,
436 5003 487 5051 vid.
506 5003 536 5052 G.
547 4998 646 5065 lepori
662 5017 688 5068 p.
707 5005 769 5062 nom
787 5003 828 5052 hie
846 5005 932 5052 temon
949 5003 1098 5064 obloquitur
1115 5001 1307 5051 thner-Blm
1324 5001 1337 5050 1
1355 5001 1370 5064 ἦ
1388 5002 1429 5064 tt,
1446 5003 1469 5050 3.
