3842 5690
978 746 1040 806 106
1542 747 1571 818 [5
1594 749 1636 809 27

376 933 507 994 caverit.
539 932 644 994 Evicit
671 933 759 994 enim
791 933 823 994 in
846 933 1011 1006 geminato
1034 931 1140 1006 sigma
1162 931 1332 994 verborum
1355 931 1448 993 σαίνω
1470 933 1537 994 celo
1560 934 1637 996 crdo

376 1051 546 1110 superesse
577 1034 716 1108 vestigia
746 1034 990 1096 vetustissimae
1021 1034 1144 1094 formae
1173 1032 1288 1094 efeivo
1319 1033 1410 1094 cislo
1430 1037 1468 1110 ¹);
1499 1036 1637 1098 tortasse

372 1137 535 1210 igitur-
568 1149 765 1209 quemquem
799 1134 934 1195 minime
965 1137 1053 1195 certa
1084 1136 1135 1195 est
1163 1134 1243 1196 haec
1272 1135 1441 1208 originatio
1465 1171 1505 1180 -
1537 1139 1636 1198 etiam

370 1233 527 1314 ἐύσσελμος
557 1237 711 1312 prodierit
739 1252 782 1297 ex
811 1233 980 1312 ideielpep.
1013 1236 1098 1295 Item
1133 1235 1236 1295 lucide
1259 1236 1417 1312 exposuit,
1448 1251 1512 1311 qna
1541 1239 1580 1299 de
1602 1255 1637 1299 re

369 1352 465 1399 nemo
489 1339 556 1398 iarn
580 1337 716 1412 dubitat,
740 1338 839 1397 verba
863 1352 945 1409 quae
968 1337 1000 1396 in
1024 1337 1134 1409 lingua
1157 1335 1278 1396 Graeca
1300 1336 1450 1398 ailitem
1472 1358 1489 1414 ρ
1512 1339 1635 1399 ordiun-

369 1438 422 1497 tur
451 1439 603 1513 primitus
634 1438 714 1498 duas
748 1451 907 1500 consonas
945 1435 995 1515 (ip
1027 1436 1079 1497 rei
1110 1439 1156 1516 σρ)
1190 1436 1341 1497 habitisse
1375 1437 1545 1515 praelixas,
1577 1440 1635 1500 ior·

368 1555 458 1601 mern
479 1541 576 1615 igitur
595 1539 696 1621 ἔρρηξε
720 1541 908 1614 similesque
932 1555 972 1602 ex
996 1537 1102 1618 lippis
1126 1541 1186 1600 etc.
1210 1543 1298 1600 ortas
1321 1556 1404 1619 esse,
1427 1557 1486 1604 nec
1505 1559 1568 1604 non
1585 1543 1635 1604 ad·

367 1644 560 1706 iectivorum
584 1643 780 1723 φιλομμειδής
803 1646 836 1704 et
859 1640 1024 1724 ἀγάννιφος
1057 1642 1211 1718 liquidem
1235 1641 1430 1718 duplicatam
1455 1661 1496 1706 ex
1520 1646 1635 1707 irarum

368 1763 486 1810 vocum
511 1750 634 1825 origine
658 1763 730 1810 esse
753 1747 972 1824 repetendam,
995 1746 1097 1807 inisse
1118 1747 1204 1807 enim
1225 1747 1405 1820 antiquitus
1421 1748 1636 1826 φιλο-σμειδής,

367 1847 554 1930 ‹lyd-emper.
578 1852 684 1912 Etiam
709 1851 844 1910 verbum
864 1847 1010 1924 λίσσομαι,
1033 1847 1117 1922 quod
1137 1862 1177 1908 ne
1197 1849 1230 1908 in
1250 1849 1335 1910 thesi
1354 1849 1483 1923 quidem
1503 1851 1634 1911 brevem

366 1968 498 2014 manere
522 1954 600 2014 sinit
623 1951 769 2012 vocalem
791 1949 1046 2025 praecedentem,
1070 1963 1182 2008 revera
1206 1961 1225 2007 e
1244 1949 1368 2009 duabus
1388 1953 1538 2012 consonis
1555 1953 1633 2012 anti·

366 2054 477 2126 quitus
506 2055 650 2129 coepisse
680 2053 749 2112 iure
781 2065 840 2112 suo
872 2051 1046 2125 contendit,
1070 2049 1146 2110 iicet
1168 2050 1332 2124 ignoretur
1355 2063 1515 2123 quaenam
1539 2051 1634 2112 inter·

366 2154 479 2215 ciderit
511 2169 651 2216 consona
682 2153 716 2225 ²).
747 2152 890 2226 Denique
916 2149 1079 2228 ἀπολλήξειε
1103 2153 1163 2211 etc.
1188 2166 1206 2211 e
1229 2151 1334 2210 iorrna
1356 2151 1536 2224 antiquiore
1560 2149 1634 2212 ἀπο-

364 2254 468 2332 σλῆξαι
497 2253 653 2330 prodiisse
684 2253 834 2315 credibile
865 2254 917 2313 est
938 2249 971 2328 ³),
1003 2253 1037 2312 et
1067 2247 1154 2311 εὔαδε
1178 2251 1259 2322 (sive
1282 2247 1405 2322 iliade)
1430 2251 1508 2312 oiim
1532 2253 1633 2315 tuisse

363 2353 487 2416 totels
521 2357 652 2416 omnino
685 2356 823 2417 constat.
858 2353 919 2414 Sed
953 2352 1018 2414 alia
1049 2351 1203 2414 vocabula
1237 2351 1315 2412 dum
1357 2353 1470 2414 eadem
1508 2355 1632 2416 ratione

365 2458 569 2532 interpretari
599 2471 764 2532 conamur,
796 2456 958 2516 micemus
985 2455 1018 2514 in
1040 2453 1199 2529 tenebrls;
1223 2468 1287 2513 non
1310 2453 1377 2513 iam
1400 2454 1562 2529 antiquior
1586 2471 1631 2516 ra·

364 2559 445 2619 dicis
464 2559 578 2636 forma,
599 2559 783 2632 linguarum
810 2557 1019 2629 cognatarum
1044 2569 1103 2629 ope
1126 2555 1287 2631 indagata,
1311 2556 1436 2616 ostendi
1460 2557 1569 2630 potest
1591 2557 1631 2617 sd

364 2660 589 2736 explicandam
621 2658 767 2733 syllabae
792 2657 1045 2733 productionem,
1077 2655 1133 2716 sed
1164 2671 1182 2715 e
1212 2656 1418 2730 productione
1450 2658 1540 2732 epica
1564 2657 1632 2719 fleri

363 2762 459 2823 debet
492 2763 676 2823 coniectura
710 2761 750 2821 de
783 2758 900 2820 radicis
934 2759 1039 2818 forma
1068 2757 1243 2832 primitiva.
1280 2758 1362 2818 Hinc
1396 2773 1437 2818 ex
1472 2759 1630 2820 adlectivo

363 2864 536 2925 Homerico
559 2859 689 2938 ἄλλοφος
714 2861 770 2923 aiii
792 2857 923 2940 ἅγλοφος
947 2861 1152 2936 extuderunt,
1180 2859 1235 2920 aiii
1258 2855 1476 2937 deiopeeaiii
1494 2861 1631 2922 tortasse

364 2964 462 3042 allud,
487 2968 520 3026 et
543 2965 727 3040 complures
749 2962 934 3024 huiusmodi
954 2964 1029 3024 lites
1047 2963 1132 3023 inter
1150 2962 1237 3023 viros
1255 2963 1367 3023 doctos
1386 2965 1464 3023 sunt
1476 2963 1628 3036 agitatae.

362 3066 407 3125 At
437 3081 477 3126 ne
508 3066 557 3126 sic
586 3065 717 3138 quidem
748 3079 863 3124 omnes
892 3064 1126 3140 productiones,
1158 3078 1240 3136 quse
1271 3062 1354 3124 flunt
1384 3066 1460 3124 ante
1486 3063 1629 3124 litteram

361 3165 528 3241 liquidam,
564 3165 717 3240 explicari
752 3165 941 3238 potuerunt;
975 3179 1053 3224 nam
1080 3164 1113 3223 in
1136 3160 1262 3240 ἴμμαθε,
1290 3161 1338 3223 tvi
1365 3162 1527 3242 μεγάροισι,
1551 3164 1631 3241 μάλα

361 3265 472 3348 μεγάλη
507 3280 590 3340 quae
624 3264 756 3327 tandem
787 3265 896 3326 littera
930 3267 1005 3325 ante
1042 3264 1196 3339 liquidam
1232 3264 1363 3340 perierit
1393 3278 1490 3326 nemo
1524 3264 1630 3325 dicere

362 3368 484 3444 potuit;
518 3371 552 3430 et
581 3370 693 3430 tamen
722 3368 860 3428 ducemr'e
893 3366 960 3428 fere
989 3367 1068 3427 locis
1099 3369 1174 3428 ante
1201 3363 1330 3446 μέγαρον
1353 3367 1387 3427 et
1408 3363 1498 3446 μέγας
1522 3367 1630 3428 brevis

360 3468 482 3531 vocalis
514 3470 709 3547 producitur,
744 3471 783 3530 ut
812 3469 938 3544 egregie
973 3469 1123 3544 exposuit
1158 3484 1219 3529 von
1235 3467 1348 3529 Hartei
1379 3468 1412 3528 in
1446 3468 1628 3529 studiomm

360 3571 605 3632 Homericorum
630 3572 731 3633 initio.

404 3673 465 3734 Sed
496 3673 547 3733 iac
576 3673 615 3733 de
646 3672 796 3732 omnibus
827 3671 1002 3747 vocabulis,
1035 3686 1173 3745 quorum
1205 3672 1314 3732 littera
1338 3672 1459 3744 liquida
1482 3672 1628 3733 vocalem

359 3787 584 3848 praegresssm
618 3773 774 3847 producit,
809 3774 957 3832 constare
992 3771 1024 3831 id
1059 3771 1141 3844 quod
1173 3772 1213 3832 de
1245 3771 1463 3846 compluribus
1497 3787 1629 3832 summe

358 3873 504 3934 sollertia
533 3873 770 3934 demonstrarit
797 3873 1023 3949 Hoffmannus,
1055 3872 1171 3934 radicis
1203 3873 1295 3933 initio
1318 3873 1394 3934 oiim
1419 3872 1500 3934 diras
1527 3873 1628 3933 misse

357 3989 526 4050 consonas,
560 3975 611 4035 isc
645 3975 747 4035 fuisse
778 3971 925 4053 cpiyepov
948 3990 978 4034 r.
1002 3990 1029 4036 c.
1054 3976 1088 4035 st
1117 3971 1246 4055 κμέγαςε
1280 4007 1320 4018 -
1357 3975 1432 4048 quid
1463 3975 1530 4040 iarn
1560 3989 1626 4049 pro-

391 4267 411 4336 ¹)
427 4273 508 4319 'l'ertii
532 4271 604 4318 verbi
630 4273 738 4320 formem
765 4275 899 4333 pristinam
923 4289 973 4323 non
997 4269 1078 4324 nferis
1099 4276 1186 4338 luisse,
1201 4276 1273 4336 'qnod
1291 4279 1399 4336 putebat
1416 4279 1563 4340 Hoffmann,
1580 4280 1626 4327 ssd

356 4353 429 4397 cordo
454 4353 533 4410 (εγεύω
551 4376 582 4384 -
600 4354 687 4410 xpeto).
711 4351 789 4400 hodio
814 4356 932 4400 emicunt
957 4355 1005 4401 viri
1028 4353 1105 4416 docti,
1129 4355 1180 4401 rid.
1202 4356 1349 4414 Bragmann
1366 4371 1403 4416 gr.
1422 4357 1534 4406 Gramm.
1552 4359 1566 4418 ἦ
1585 4361 1626 4416 38,

356 4428 609 4490 iilihner-Blsss15
629 4433 659 4478 19
676 4433 750 4479 Anrn.
768 4433 791 4478 8.
809 4432 920 4492 Vogrinn
938 4437 1022 4481 tomen
1040 4435 1107 4481 irom.
1125 4435 1237 4483 Gramm.
1255 4449 1280 4496 p.
1296 4437 1328 4483 ot
1344 4437 1526 4484 Hoiiincnnuro
1541 4439 1624 4498 seqni-

356 4511 404 4556 tnr.
422 4509 625 4558 -idieelivnm
648 4515 791 4575 propeccatis
816 4512 935 4572 primitus
958 4507 1119 4578 prpe-riccard:
1144 4517 1259 4562 corruisse
1284 4515 1341 4564 coli.
1368 4517 1468 4564 Snnsor.
1496 4519 1549 4564 tuac
1565 4515 1625 4564 cutis

356 4589 444 4636 docuit
461 4591 492 4637 Ir.
508 4591 594 4650 Meyer
600 4611 606 4648 ς
625 4593 657 4639 oi.
676 4592 786 4639 iic-huius
803 4593 906 4648 ereosi.
925 4595 971 4655 itp.
989 4609 1013 4654 p.
1032 4596 1072 4642 20.

389 4667 410 4726 ¹)
428 4673 550 4728 rtieoopar
573 4669 653 4717 inisse
675 4673 751 4731 pulei
775 4672 919 4734 linquere,
936 4663 1067 4732 filonem
1085 4675 1175 4722 anes
1192 4675 1298 4723 iilseell.
1317 4676 1372 4723 erit
1390 4691 1415 4737 p.
1438 4679 1493 4740 lto,
1510 4678 1554 4738 qni
1572 4679 1622 4738 pri·

356 4761 415 4795 mne
432 4749 498 4795 huno
514 4762 569 4796 rem
587 4751 685 4810 κυρίη
703 4751 771 4798 irnno
788 4752 906 4810 seqnitur
923 4752 993 4814 llicit,
1008 4753 1055 4800 ssd
1071 4759 1195 4814 oiicnepm
1211 4755 1345 4816 pristinam
1359 4769 1416 4804 esee
1429 4757 1501 4804 rerbl
1516 4757 1622 4804 iorrnam

355 4829 415 4885 post
431 4825 495 4872 ailoe
511 4827 603 4873 sicinii
619 4827 730 4875 debuine
748 4829 851 4884 Quaest
869 4829 916 4888 Rp.
935 4842 960 4888 p.
979 4831 1035 4877 418.

390 4899 412 4968 ⁸)
429 4903 458 4952 Ῑε.
476 4903 563 4964 noyer
580 4904 706 4952 Bencenb.
725 4907 802 4952 Beltr.
820 4905 855 4952 v1
873 4908 921 4954 ³⁰⁶
940 4908 1040 4954 oonisrt
1056 4907 1130 4968 angi.
1147 4908 1221 4958 rhet.
