4272 5792
1033 652 1091 696 XVI

428 830 548 904 erunt·
565 825 719 901 quonium
753 828 883 900 tempus
916 826 951 885 et
979 823 1069 884 loeus
1099 822 1131 882 in
1164 822 1217 884 vio
1247 822 1423 882 consistere
1455 823 1578 898 vetent,
1609 837 1692 896 quoe
1778 835 1781 840 ·

427 929 557 1004 cognitu
570 928 636 988 sint
647 926 847 1002 dignissime,
865 925 1043 986 -simodo
1062 923 1187 998 possint
1206 923 1364 999 cognosci,
1378 937 1455 984 nem
1466 924 1500 984 in
1519 923 1694 997 caliginose

427 1031 556 1104 regione
579 1030 727 1092 versetur
749 1027 804 1102 qul
826 1026 915 1087 hisce
937 1025 977 1086 de
1000 1025 1096 1086 rebus
1118 1023 1237 1097 aliquid
1263 1023 1429 1097 explorare
1452 1026 1596 1085 conetur.

1053 1275 1078 1336 1.

473 1481 571 1558 Epioe
603 1478 798 1542 craecorum
832 1477 977 1539 carmina
1011 1477 1155 1538 eetetem
1189 1477 1333 1538 tulerunt
1364 1477 1442 1539 Ilios
1473 1480 1507 1539 et
1541 1477 1695 1554 Odyssea,

430 1583 487 1644 sed
517 1581 622 1642 multo
644 1580 736 1654 pluro
762 1579 841 1640 olim
872 1578 1021 1639 extitisse
1052 1593 1127 1638 cum
1158 1579 1251 1639 docet
1281 1579 1362 1639 retio
1386 1581 1458 1639 tum
1481 1579 1696 1640 demonstrari

429 1683 545 1758 potest.
569 1681 653 1741 Nem
675 1680 776 1741 misse
799 1679 898 1741 sortes
921 1681 997 1740 ente
1020 1679 1267 1752 Agamemnone
1290 1681 1323 1739 et
1346 1683 1459 1754 poetes
1482 1682 1557 1741 ente
1581 1680 1696 1740 Home·

429 1799 503 1846 rum
537 1783 608 1858 ipse
642 1782 806 1844 testentur
836 1781 981 1842 carmine
1011 1781 1111 1856 epioe,
1142 1779 1175 1840 in
1206 1780 1324 1854 quibus
1347 1781 1526 1842 vetustiore
1548 1781 1699 1855 poemate

431 1885 560 1961 saepius
594 1883 766 1944 laudentur
801 1883 1010 1955 veterumque
1046 1884 1160 1942 vetum
1194 1882 1373 1942 efferuntur
1404 1882 1535 1942 nomina
1565 1883 1602 1956 ¹l;
1637 1881 1699 1956 ipsi

431 1987 543 2046 nutem
577 1983 719 2045 Homero
749 1983 876 2058 prester
906 1983 968 2043 duo
999 1996 1082 2056 quoe
1113 1983 1355 2043 nominavimus
1382 1997 1479 2057 opere
1502 1983 1566 2043 elie
1589 1982 1699 2056 magni

432 2086 576 2146 ambitus
609 2083 688 2144 olim
716 2084 938 2144 tribuebantur
968 2083 1135 2157 complura
1153 2081 1186 2158 ²),
1214 2098 1349 2155 quorum
1370 2083 1503 2143 nomine
1524 2081 1643 2142 sellem
1667 2084 1701 2141 et

432 2197 535 2258 peuce
557 2181 716 2255 quaedem
739 2182 921 2254 fragmento
943 2181 983 2241 nd
1007 2197 1066 2242 nos
1088 2183 1318 2256 pervenerunt
1345 2185 1511 2256 praeterea
1533 2183 1565 2240 ln
1590 2180 1700 2240 illudis

432 2282 540 2342 codice
560 2281 588 2339 Α
619 2294 727 2339 rerum
758 2279 790 2339 in
822 2280 862 2339 iis
886 2280 1110 2340 enarraturum
1134 2281 1232 2341 breve
1256 2280 1482 2354 compendium
1506 2281 1654 2353 superest
1677 2279 1700 2346 ³)

433 2395 451 2440 e
475 2379 579 2440 Procli
601 2380 817 2454 grammatice
839 2379 1094 2441 chrestometlrie
1117 2378 1139 2450 ⁴)
1168 2380 1365 2441 desumtum.

477 2481 595 2542 Postea
618 2482 728 2542 temen
752 2479 864 2543 Graeci
887 2482 967 2542 hoec
985 2482 1137 2555 poemate
1155 2497 1218 2542 non
1238 2481 1299 2556 ipsi
1320 2482 1461 2542 Homero
1482 2479 1666 2541 tribuebant
1677 2477 1700 2548 ⁸)

433 2583 490 2644 sed
525 2581 661 2658 singuiis
695 2581 833 2643 eliorum
866 2583 1035 2656 poetarum
1067 2582 1219 2653 (Lesciree
1250 2582 1374 2644 Arotini
1405 2581 1526 2642 Siceini
1553 2581 1701 2648 eliorum)

433 2684 566 2747 nomina
589 2683 816 2760 praefigebant.
840 2684 1011 2746 Praetereo
1034 2684 1155 2758 Hymni
1179 2685 1211 2744 in
1231 2683 1365 2745 deorum
1384 2685 1537 2744 honorem
1558 2681 1701 2757 concepti

433 2786 616 2862 complures
646 2786 731 2848 inter
761 2785 900 2847 Graecos
931 2785 1238 2846 circumferebantur
1261 2787 1296 2846 et
1317 2785 1458 2846 Homero
1482 2784 1702 2846 adscribeban-

433 2892 503 2964 tur;
536 2903 617 2962 quos
649 2902 753 2961 neque
784 2887 896 2947 eodem
924 2886 1052 2946 saeculo
1076 2900 1179 2960 neque
1202 2886 1316 2948 eedem
1340 2887 1373 2946 11
1396 2886 1524 2960 regione
1549 2884 1702 2960 composi·

434 2993 485 3051 tos
520 3005 592 3051 esse
635 3003 759 3063 omnes,
801 2988 917 3049 docent
950 2987 1047 3048 dictio
1080 3002 1252 3062 rerumque
1285 2989 1499 3048 tractatarum
1534 2987 1632 3061 retio;
1669 2986 1702 3046 iu

433 3107 535 3155 unum
570 3091 681 3153 eutem
715 3104 831 3166 corpus
865 3089 991 3163 quondo
1020 3089 1141 3150 fuerint
1171 3089 1297 3151 collecti
1328 3103 1443 3163 perum
1475 3091 1612 3150 constet.
1637 3087 1702 3148 Nec

434 3209 497 3255 non
520 3207 577 3267 pro
600 3192 732 3254 Homeri
756 3205 850 3266 opere
872 3191 1049 3252 hebebatur
1073 3191 1234 3252 comicum
1255 3205 1331 3267 epoe
1351 3191 1513 3266 Mergites,
1536 3193 1575 3252 de
1595 3192 1702 3266 inepto

434 3296 489 3358 ilio
512 3293 642 3356 homine
665 3295 719 3368 qul
741 3286 820 3352 πόλλ’
846 3287 988 3370 ἠπίστατο
1009 3289 1114 3371 pro,
1136 3301 1234 3364 κακῶς
1255 3287 1285 3352 d’
1309 3289 1449 3370 ἠπίστατο
1469 3292 1575 3352 πάντα.
1596 3292 1701 3353 Etiam
1818 3337 1822 3346 .

433 3399 578 3458 iocosum
601 3408 732 3456 carmen
756 3393 1132 3466 Batrachomyomecnia,
1156 3393 1189 3453 11
1213 3408 1276 3466 quo
1296 3408 1393 3454 renue
1415 3407 1589 3466 murosque
1608 3394 1702 3453 iuter-

434 3498 546 3558 necivo
578 3494 661 3556 bello
691 3509 726 3555 se
749 3492 942 3553 infestantes
965 3493 1112 3554 veterum
1135 3495 1269 3554 heroum
1293 3496 1387 3568 geste
1410 3493 1562 3569 referunt,
1587 3493 1702 3554 Home·

435 3614 508 3660 rum
542 3598 709 3658 auctorem
739 3593 856 3656 hebere
886 3592 965 3653 olim
996 3595 1201 3670 credebatur3
1234 3595 1291 3656 sed
1320 3595 1481 3656 recentius
1503 3595 1607 3654 multo
1631 3607 1703 3654 eese

436 3715 533 3775 quem
558 3698 693 3760 Iliadem
716 3698 813 3769 etque
837 3695 1015 3769 odysseam
1039 3710 1102 3756 non
1124 3695 1231 3756 solum
1252 3697 1424 3757 uerborum
1442 3695 1564 3756 formae
1584 3697 1701 3756 totum·

435 3815 497 3874 que
528 3797 652 3860 dicendi
681 3810 786 3872 genus
816 3795 995 3856 luculenter
1026 3797 1210 3873 ostendunt,
1243 3797 1299 3857 sed
1323 3811 1364 3857 ne
1386 3797 1477 3857 nesci
1500 3797 1629 3870 quidem
1652 3811 1702 3870 po·

434 3901 538 3960 tuisse
568 3895 727 3959 eiusmodi
750 3909 831 3969 opus
854 3895 968 3956 eedem
992 3896 1100 3956 eetete
1124 3911 1188 3969 que
1211 3897 1345 3957 strenue
1367 3897 1537 3956 atavorum
1561 3895 1703 3956 iocinore

470 4148 562 4217 Ι)1111
580 4151 646 4198 intr·
663 4163 722 4211 pop.
739 4161 792 4199 m.

468 4227 490 4294 ¹)
507 4234 529 4279 11
552 4231 647 4294 ἅρχαῐοι
672 4231 710 4278 rrul
735 4229 776 4277 cdv
803 4231 893 4276 noum
918 4229 1074 4294 1111111111
1099 4232 1130 4284 alc
1153 4232 1232 4285 αὐτόν,
1257 4227 1363 4277 Procius
1391 4228 1416 4275 ln
1441 4227 1583 4276 0111111011.
1606 4242 1631 4289 p.
1652 4230 1701 4277 418

434 4311 515 4361 deni.

467 4386 579 4454 1)Ι’1ι·1,
605 4403 672 4450 quoe
697 4390 724 4436 in
751 4389 847 4438 eodieir
870 4390 932 4438 lolio
956 4405 1023 4439 nuno
1046 4391 1180 4452 deperdito
1198 4392 1295 4452 scripte
1313 4391 1376 4450 eret,
1394 4403 1409 4436 e
1427 4389 1515 4437 codice
1533 4389 1702 4438 Heoorioiensi

434 4470 459 4518 Ω
476 4469 489 4517 1
507 4471 538 4517 11
555 4465 600 4533 (de
617 4481 668 4528 quo
686 4469 736 4516 rid.
754 4469 835 4517 Bothe
852 4468 942 4517 iiheiu.
960 4470 1026 4518 lius.
1047 4467 1122 4534 1111)
1140 4471 1225 4532 potuit
1241 4469 1365 4531 suppleri.

467 4545 489 4612 4)
506 4550 544 4597 De
571 4561 622 4609 que
648 4548 698 4596 rid.
725 4547 834 4597 Plrollns
855 4549 881 4595 in
905 4548 1029 4597 Biblioth.
1050 4550 1107 4597 cod.
1130 4549 1284 4598 coxmx.
1308 4547 1425 4596 Secundo
1448 4551 1508 4608 poet
1524 4549 1583 4596 (liu.
1601 4549 1703 4596 1111111

434 4628 503 4677 huno
527 4627 649 4677 Prooinrn
676 4627 770 4676 vixisse
795 4627 906 4676 11111111
931 4624 1048 4676 Weioler
1071 4630 1119 4690 llp.
1143 4629 1212 4689 (lyci.
1235 4629 1248 4676 1
1272 4631 1370 4688 seqq„
1386 4640 1402 4675 e
1420 4627 1603 4688 Neopletonioo
1620 4627 1704 4688 philo·

434 4707 524 4769 sopito,
541 4707 586 4768 qul
610 4706 853 4766 1111111111
871 4706 1066 4756 discernendum
1085 4711 1163 4757 retus.

467 4781 488 4850 ⁸)
506 4785 599 4846 Opprle
615 4784 728 4834 Homero
744 4785 1036 4834 1111111111111111111
1055 4787 1082 4834 11
1101 4787 1158 4845 111,
1181 4787 1310 4848 Hpigcnos
1327 4787 1362 4834 iv
1380 4789 1421 4835 11.
