3848 5688
923 633 1015 678 dxxii

332 809 413 870 deve
445 808 646 884 singulorum
680 808 972 884 manuscriptorum
1008 807 1099 871 hodie
1129 811 1344 887 superstitum
1377 811 1534 886 dignitate
1567 814 1601 874 et

333 911 525 972 auctoritaie
555 925 640 972 nunc
669 910 924 986 disputabimus3
955 911 1034 972 haec
1065 911 1154 972 enim
1185 913 1218 972 in
1241 912 1351 974 Iliadis
1374 914 1408 974 ei
1438 912 1600 988 Odysseae

333 1011 568 1088 prolegomenis
598 1012 705 1086 aptius
733 1013 923 1073 tractantur.
954 1011 1064 1086 Neque
1094 1013 1134 1074 de
1165 1027 1246 1075 aeuo
1276 1012 1414 1088 heroico,
1447 1014 1543 1088 quale
1569 1015 1602 1074 in

332 1111 432 1187 epicis
453 1111 650 1172 carminibus
671 1112 822 1188 pingitur,
846 1126 931 1173 nuno
952 1112 1028 1173 licei
1050 1127 1155 1189 agore,
1179 1113 1243 1174 etsi
1264 1127 1305 1174 ne
1328 1114 1514 1175 huiusmodi
1537 1114 1601 1186 qui·

334 1211 409 1272 dem
427 1211 602 1287 disputatio
621 1212 661 1273 ab
680 1213 872 1286 argumento
891 1213 924 1272 in
942 1226 1007 1285 quo
1026 1227 1197 1273 versamur
1217 1212 1300 1274 foret
1312 1213 1427 1275 aliena.
1441 1213 1602 1274 Laudibus

334 1325 409 1371 vero
432 1311 576 1372 carmina
598 1312 771 1373 Homerica
790 1313 818 1372 si
838 1312 985 1374 hocloco
1005 1313 1118 1375 offane
1139 1313 1270 1390 veliem,
1291 1329 1351 1374 uae
1372 1311 1486 1391 μόχθος
1504 1328 1603 1394 περισ-

333 1410 384 1484 σὸς
404 1412 457 1473 irio
471 1413 554 1474 soret
570 1405 781 1490 acopivoocr'
804 1411 922 1492 εὐηθία.
941 1415 1025 1476 Nam
1044 1415 1162 1476 librum
1181 1415 1267 1476 hunc
1286 1428 1486 1488 quamquam
1502 1414 1600 1474 iunio·

333 1527 407 1574 rum
429 1515 620 1602 praesertim
642 1515 876 1592 philologorum
899 1516 1059 1578 destinavi
1083 1517 1244 1593 manibus,
1266 1531 1330 1577 non
1354 1518 1465 1577 lamen
1488 1516 1601 1591 scripsi

332 1615 507 1692 tironibus;
527 1631 591 1678 non
611 1632 648 1679 eo
666 1620 778 1679 utetur
794 1617 858 1679 uisi
877 1619 931 1692 qui
950 1619 1005 1680 diu
1023 1618 1090 1680 iam
1110 1618 1143 1679 in
1164 1619 1304 1680 Homero
1326 1619 1475 1679 versatus
1487 1617 1600 1700 iuerii;

332 1716 401 1779 fleri
421 1720 532 1779 auiam
552 1719 663 1793 nequii
681 1723 719 1780 ui
736 1707 842 1796 prisca
861 1720 918 1782 iiia
936 1719 1081 1782 carmina
1097 1719 1154 1793 qui
1165 1719 1398 1794 aliquantisper
1416 1718 1602 1792 cognoverit

332 1833 395 1880 non
425 1817 525 1880 simul
547 1833 658 1880 amare
680 1819 827 1881 didicerit
849 1821 883 1882 ei
906 1819 1072 1881 admirari.
