3880 5678
970 753 1034 814 σοι
1459 751 1477 822 s
1500 753 1552 829 eo,
1576 752 1630 822 οι]

412 939 549 1002 Omnino
572 943 682 1003 autern
702 941 923 1017 improbamus
941 942 1123 1018 opinionem
1145 955 1256 1002 eorum
1278 937 1299 1019 ¹)
1320 941 1374 1016 qui
1394 941 1510 1017 putant
1529 939 1631 1001 multo

367 1041 466 1104 latius
508 1044 607 1105 etiarn
645 1046 755 1120 palere
788 1045 922 1119 genitivi
956 1045 990 1104 in
1023 1065 1071 1104 -oo
1107 1043 1256 1104 exeuntis
1292 1041 1481 1118 dominium,
1517 1057 1631 1116 nempe

367 1144 467 1205 sicubi
491 1145 616 1219 syllaba
639 1144 746 1206 finalis
768 1167 819 1206 -ov
842 1146 876 1206 in
899 1134 984 1206 thesi
1008 1147 1084 1206 ante
1107 1143 1253 1204 vocalem
1277 1145 1423 1218 correpte
1445 1143 1631 1218 reperiatur,

368 1243 570 1305 scribendum
601 1259 674 1306 esee
700 1241 790 1321 -σ’(ο),
813 1246 956 1318 itemque
979 1266 1028 1303 -oo
1051 1244 1083 1304 in
1107 1244 1191 1304 thesi
1215 1244 1291 1303 ante
1314 1258 1490 1304 consonam
1512 1241 1631 1316 simpli·

364 1356 445 1418 cem,
470 1358 497 1404 θ.
520 1359 550 1416 g.
575 1341 606 1403 ἒν
631 1339 723 1405 Πύλο’
749 1344 847 1405 ἐλθών
870 1348 900 1403 Α
925 1346 999 1419 289,
1022 1340 1133 1422 πατρὸς
1165 1337 1240 1417 φίλο’
1268 1341 1304 1400 αἴ
1322 1362 1373 1400 ιιεν
1397 1339 1512 1425 ἀκούσῃ
1534 1363 1553 1399 α
1578 1343 1630 1416 94,

364 1439 413 1501 ιόο
436 1435 464 1501 d’
491 1440 574 1503 ἔκλυε
598 1446 627 1502 A
649 1446 702 1520 43,
731 1444 852 1505 δείπνου
883 1444 1071 1523 πασσάμενος
1102 1464 1122 1502 α
1149 1442 1221 1503 124.
1246 1442 1337 1502 valia
1361 1443 1479 1515 partim
1503 1441 1631 1500 inutilia

364 1541 523 1617 ducimus,
553 1545 671 1617 partim
702 1547 820 1607 vitium
851 1561 965 1608 sonare
989 1547 1153 1620 putamus,
1182 1558 1258 1603 narn
1282 1542 1428 1616 correptio
1450 1545 1520 1602 σιιλσ
1541 1541 1629 1618 sylla

365 1641 438 1701 bam
467 1643 584 1720 σλλοοοι,
615 1646 744 1719 qualem
776 1648 985 1709 admisissent
1008 1649 1122 1722 poetae
1146 1646 1180 1705 in
1202 1658 1262 1704 sua
1285 1644 1430 1703 carmina
1451 1642 1480 1702 si
1501 1643 1629 1703 recitas-

364 1745 439 1801 sent
469 1738 560 1803 lldto'
591 1759 648 1819 pro
678 1747 803 1826 Πύλοιο,
832 1748 914 1809 alias
945 1749 996 1808 est
1026 1747 1180 1808 inaudita.
1205 1745 1246 1804 at
1266 1745 1316 1804 vel
1340 1744 1387 1804 sic
1411 1744 1506 1804 multi
1529 1759 1629 1804 rema·

365 1843 443 1902 nent
476 1845 610 1917 genitivi
643 1847 676 1906 in
708 1869 759 1908 -ov
788 1849 982 1924 desinentes,
1014 1849 1068 1922 qui
1099 1847 1198 1907 nullis
1230 1846 1354 1906 artibus
1376 1846 1513 1920 possunt
1537 1844 1629 1919 solvi,

365 1958 393 2005 0.
413 1958 444 2018 g.
467 1951 520 2004 τοῦ
551 1941 602 2005 καὶ
633 1943 692 2006 &rad
722 1947 853 2028 γλώσσης
878 1953 906 2008 Α
931 1950 1005 2027 249,
1029 1956 1082 2009 τοῦ
1105 1945 1242 2028 θυγάτηρ
1266 1970 1285 2005 α
1310 1949 1361 2024 55,
1387 1940 1434 2006 dri
1462 1944 1631 2026 αἰγλήεντος

362 2039 512 2124 Ὀλύμπου
543 2052 572 2108 A
595 2051 669 2129 582,
700 2067 803 2126 neque
834 2053 944 2127 negari
974 2052 1072 2127 igitur
1094 2054 1202 2127 polest
1225 2065 1300 2112 vore
1324 2049 1533 2110 Homericum
1557 2063 1628 2108 esse

366 2149 542 2210 terminum
572 2173 632 2212 -οο,
664 2152 752 2230 Quod
781 2155 810 2214 sl
841 2155 1034 2232 conceditur,
1066 2153 1182 2215 suadet
1208 2153 1289 2214 ratio
1313 2154 1350 2213 ut
1373 2153 1515 2212 intactus
1540 2149 1630 2211 relin-

365 2254 482 2326 quatur
505 2253 559 2313 ubi
581 2257 708 2317 nonsit
731 2256 898 2318 molestus.

410 2355 497 2430 Quae
519 2356 758 2431 disputavimus
782 2358 844 2418 buc
867 2359 1018 2420 redeunt:
1050 2357 1184 2432 genitivi
1208 2358 1241 2417 in
1265 2355 1447 2417 Homericis
1470 2354 1630 2430 duplicem

367 2469 440 2517 esse
472 2455 622 2533 formam,
652 2477 713 2517 -oto
743 2459 776 2518 et
806 2479 868 2536 oo,
889 2458 1004 2533 prioris
1030 2459 1141 2519 autem
1163 2457 1295 2518 termini
1317 2455 1432 2517 multis
1453 2455 1533 2517 locis
1556 2454 1630 2514 elidi

366 2555 526 2631 syllabam
546 2556 687 2636 finalem,
707 2559 792 2620 haud
811 2559 860 2619 ite
876 2561 988 2634 paucis
1007 2559 1086 2621 locis
1106 2561 1139 2619 in
1159 2559 1244 2620 thesi
1260 2558 1374 2633 corripi
1385 2557 1629 2633 paenultimam.

408 2755 431 2840 fi
461 2757 520 2824 itii.
543 2759 651 2822 Dativi
672 2760 806 2836 pluralis
826 2761 985 2822 terminus
1007 2766 1119 2834 -οισι(ν)
1144 2761 1218 2822 elidi
1237 2761 1354 2837 potest,
1375 2760 1415 2820 ci.
1435 2760 1454 2829 5
1476 2760 1533 2833 13;
1555 2773 1582 2818 ο.
1597 2772 1628 2831 g.

541 2854 615 2921 ιοῖσ’
640 2856 750 2921 ἅλλοισ’
776 2857 916 2940 trappas,
938 2863 968 2923 οἳ
990 2857 1036 2941 ἅμ’
1062 2861 1142 2946 αὐτῷ
1165 2860 1279 2922 ἕποντο.
1316 2882 1331 2921 τ
1357 2861 1429 2922 196.

538 2955 650 3039 ’λεῖβον
672 2954 701 3020 δ’
727 2957 905 3022 ἀθανάτοισι
928 2957 1024 3023 θεοῖσ’
1051 2959 1248 3043 αἰειγενέτῃσι.
1312 2961 1331 3040 β
1355 2961 1429 3021 432.

409 3060 524 3121 Paucis
554 3061 634 3121 locis
664 3081 722 3132 οις
752 3063 829 3122 anta
859 3076 1035 3122 consonam
1065 3062 1231 3137 reperitur,
1263 3061 1317 3134 qui
1341 3061 1510 3134 postmodo
1532 3059 1630 3133 igitur

363 3162 440 3222 sunt
463 3161 563 3221 edditi
585 3163 643 3222 aut
666 3163 802 3237 mutati;
834 3163 873 3223 ci.
897 3162 915 3232 θ
939 3163 991 3224 ti.
1017 3163 1138 3238 Aprum
1158 3162 1344 3237 exemplum
1365 3160 1496 3235 praebet
1515 3174 1630 3220 versus

364 3262 397 3321 a
420 3263 494 3339 258,
526 3263 579 3324 ubi
610 3277 686 3325 vera
715 3263 810 3326 lectio
841 3255 920 3334 οῐσ(’)
951 3260 1086 3344 ἀγανοῖσι
1116 3260 1248 3343 βέλεσσιν
1280 3263 1311 3323 in
1336 3261 1468 3322 scholiis
1490 3275 1627 3322 comme·

364 3366 519 3441 moratur,
549 3365 674 3438 integre
707 3367 817 3426 autern
840 3368 989 3440 superest
1011 3366 1044 3426 in
1068 3381 1187 3441 papyro
1211 3364 1412 3425 Banlresiano
1435 3365 1469 3424 et
1492 3364 1524 3424 ln
1547 3363 1627 3424 codi-

361 3467 452 3526 cibus
481 3466 574 3528 Vind.
602 3469 636 3527 et
666 3467 796 3544 stuttg,
827 3465 969 3542 plerique
1001 3482 1076 3528 vero
1106 3468 1232 3528 codices
1264 3466 1379 3526 vitiose
1407 3466 1561 3528 exhibent
1583 3457 1630 3525 olo

362 3563 487 3646 ἀγανοῖσ
515 3565 671 3647 βελέεσσιν.
702 3568 878 3630 videantur
900 3569 1000 3629 etiam
1024 3584 1106 3642 quae
1129 3569 1162 3628 in
1185 3569 1204 3638 ς
1228 3569 1269 3628 97
1294 3569 1333 3628 de
1356 3568 1505 3629 lectionis
1530 3569 1630 3628 varie·

362 3668 431 3729 tate
453 3691 471 3727 ιι
495 3670 558 3730 288
581 3668 707 3730 ιοίσιλισι
729 3670 781 3732 vel
800 3669 908 3730 ιοισλιλε
930 3670 1101 3731 observate
1125 3671 1211 3729 sunt.
1240 3668 1390 3729 illisionis
1413 3669 1543 3742 signum
1565 3667 1628 3743 ple·

362 3768 471 3844 risque
493 3770 573 3831 locis
592 3770 748 3832 omittunt
769 3771 904 3849 codices,
928 3771 980 3832 iric
1003 3770 1069 3833 iilic
1092 3772 1203 3832 tamen
1227 3768 1373 3831 additum
1396 3769 1525 3847 habent,
1549 3784 1576 3830 e.
1598 3783 1627 3843 g.
1750 3797 1753 3804 ·

362 3865 513 3953 μεγάραισ
539 3871 571 3934 λιι
596 3871 776 3936 (lenovensi
800 3869 828 3940 Ξ
849 3874 923 3937 485.

405 4073 592 4136 accusativi
612 4077 716 4138 Dorici
734 4079 767 4140 in
786 4100 833 4150 -ος
857 4080 1042 4154 desinentis,
1064 4092 1161 4152 quem
1181 4077 1335 4152 praebent
1355 4091 1382 4136 e.
1395 4089 1426 4147 g.
1446 4073 1628 4147 upicnarm.

363 4175 400 4236 ir.
433 4191 461 4250 p.
488 4177 551 4236 288
584 4175 718 4238 Lorentz
746 4176 806 4254 σός,
828 4179 985 4240 Theocrit.
1018 4178 1100 4238 190
1130 4176 1157 4236 V
1188 4176 1240 4252 84,
1267 4177 1339 4251 106,
1367 4175 1438 4248 109,
1466 4173 1539 4249 112,
1566 4175 1627 4234 114

361 4271 513 4354 παρθένος
537 4275 732 4352 διδομαιόιιος
754 4277 843 4350 λύκος
867 4281 938 4354 etc,
963 4279 1047 4354 apud
1070 4278 1250 4339 Homerum
1270 4275 1359 4335 nulla
1378 4276 1456 4334 sunt
1475 4275 1628 4349 vestigia3
1689 4271 1691 4278 '

363 4377 419 4438 sed
449 4376 482 4437 in
510 4377 587 4438 Hes.
618 4376 704 4438 ὅσοι.
737 4378 800 4438 802
833 4379 951 4454 legitur
980 4377 1078 4458 λαγός.
1104 4378 1148 4440 ci.
1174 4376 1313 4451 quaein
1337 4377 1355 4446 8
1381 4376 1421 4435 57
1447 4374 1627 4436 observavi·

362 4494 437 4540 mus
458 4479 497 4539 de
519 4480 642 4554 primae
664 4478 888 4540 declinationis
911 4481 1108 4542 accusativis
1131 4481 1164 4540 in
1187 4484 1237 4551 -ἅς
1262 4477 1465 4538 exeuntibus.

403 4675 426 4762 fi
457 4678 508 4745 oi.
538 4681 711 4760 vocabula,
746 4697 828 4756 quae
855 4683 965 4744 Attica
996 4683 1155 4744 dialectue
1181 4681 1352 4755 contrahit,
1380 4680 1414 4739 in
1447 4679 1629 4740 Homericis

396 4905 417 4976 ¹)
434 4909 491 4958 via
509 4910 538 4959 Ῑι.
556 4912 643 4972 lleyer
660 4910 801 4972 gestingen
817 4909 902 4971 lagi.
920 4923 945 4972 p.
965 4913 1004 4959 28.
