3958 5696
274 671 396 749 §saei
424 734 430 746 ,
882 675 947 734 soa

276 854 306 916 ei
331 878 388 916 κον
419 857 562 931 legendo.
593 857 642 918 lix
672 858 804 919 vetusta
835 857 923 919 enim
954 857 1065 933 lingua
1097 859 1176 921 haec
1207 859 1355 938 formula,
1387 861 1425 921 ut
1454 859 1492 922 iit
1513 861 1547 922 in

276 957 577 1020 iurisconsultorum
620 958 727 1020 verbis
762 959 935 1036 conceptis,
969 959 1189 1033 permansisse
1223 961 1367 1035 videtum
1403 963 1438 1022 et
1467 961 1547 1023 nihil

276 1075 406 1135 prorsus
440 1060 634 1122 haberemus
665 1061 749 1133 quod
772 1060 830 1121 aut
853 1059 1047 1120 miraremur
1069 1061 1127 1121 aut
1149 1061 1383 1138 dubitaremus,
1407 1063 1436 1123 sl
1459 1063 1546 1125 dees·

274 1163 326 1221 set
355 1161 465 1224 littera
495 1162 535 1236 N,
564 1175 647 1234 quae
678 1161 791 1222 Dorico
820 1180 859 1219 so
889 1160 1039 1235 subiungi
1071 1161 1190 1235 alloqui
1222 1177 1286 1222 non
1309 1164 1402 1225 solet.
1427 1163 1548 1226 Multae

277 1277 351 1322 vero
389 1277 508 1322 causae
541 1261 717 1336 excogitari
752 1265 888 1336 possunt
921 1278 978 1323 cur
1002 1264 1035 1323 ln
1065 1264 1125 1324 hoc
1156 1264 1312 1324 Arcadiae
1344 1266 1462 1339 angulo
1493 1265 1547 1327 all-

275 1364 468 1436 uuantuluru
500 1363 598 1423 fucrit
631 1363 793 1426 ‹loiloxum
826 1383 846 1426 a
879 1364 976 1425 salita
1006 1365 1129 1426 ratione
1161 1365 1320 1444 loquendi,
1352 1367 1383 1428 in
1410 1367 1549 1428 formula

276 1467 468 1542 praesertim
498 1482 581 1540 quas
616 1483 658 1528 ex
692 1467 814 1528 civium
845 1483 900 1529 ore
934 1467 1055 1529 dudum
1086 1468 1273 1530 evanuisset
1298 1469 1329 1540 ¹).
1362 1469 1455 1532 Oerte
1485 1486 1548 1532 uon

276 1568 369 1630 facile
403 1569 542 1631 adducar
576 1570 613 1630 ut
648 1569 684 1630 G.
717 1567 856 1644 Meyero¹
888 1568 908 1646 ᾗ
940 1572 982 1631 24
1017 1571 1147 1632 credam
1181 1571 1228 1633 sic
1259 1573 1434 1634 statuenti:
1472 1573 1549 1649 „das

279 1671 495 1746 „Arkadische
526 1670 593 1748 xiv,
622 1671 681 1732 das
704 1687 782 1733 man
805 1672 864 1733 aui
883 1673 940 1733 der
962 1673 1182 1734 Bauinachriit
1205 1690 1266 1736 von
1290 1675 1396 1750 Tegea
1419 1674 1478 1752 las,
1503 1675 1548 1736 ist

280 1773 433 1847 „haltl0s;
457 1772 508 1834 die
531 1772 686 1833 Inschriit
708 1773 809 1834 kennt
830 1787 891 1832 nur
912 1769 950 1832 ἄν
974 1774 1067 1843 (auch
1090 1773 1117 1833 εἰ
1139 1768 1169 1834 δ’
1195 1771 1253 1850 ἄν),
1276 1777 1341 1836 und
1365 1777 1480 1838 darum
1504 1776 1549 1836 ist

279 1876 381 1950 „ohne
411 1874 541 1936 Zweifel
576 1869 633 1933 κᾶν
663 1874 705 1945 (id
728 1876 780 1935 est
801 1871 852 1933 καί
875 1869 923 1944 ἄν)
947 1890 987 1936 zu
1011 1875 1133 1936 lesen”.
1159 1875 1247 1952 Quod
1272 1877 1302 1938 ei
1324 1877 1461 1951 aliisque
1484 1877 1548 1953 pla·

277 1977 383 2037 cuisee
414 1977 593 2051 submiror;
625 1974 682 2036 sed
712 1975 816 2036 multo
839 1977 945 2049 magis
968 1976 1078 2052 miror,
1101 1975 1185 2049 quod
1209 1977 1259 2038 vir
1281 1978 1394 2038 doctus
1417 1977 1550 2039 Bechtel

277 2079 324 2138 ita
354 2078 521 2150 lieyerum
549 2077 704 2138 refutavit
735 2078 773 2136 ut
794 2074 825 2135 εἴ
842 2069 866 2134 κ’
893 2072 931 2134 ἄν
957 2077 1066 2151 potius
1087 2076 1261 2150 legendum
1283 2093 1356 2138 esse
1379 2060 1548 2140 statueret.

278 2177 335 2240 Cui
359 2179 490 2239 i'ichius
519 2179 619 2250 (iliad.
650 2193 680 2253 p.
711 2183 808 2248 xxm)
840 2193 903 2238 non
926 2177 1034 2240 solum
1057 2177 1274 2254 adstipulatus
1297 2182 1358 2256 est,
1382 2180 1439 2240 sed
1462 2195 1550 2254 prae·

277 2281 366 2340 terea
401 2280 474 2339 inde
509 2277 593 2339 effici
628 2293 723 2352 posse
753 2278 927 2352 contendit,
961 2279 994 2338 ln
1025 2277 1167 2340 Homero
1196 2275 1235 2337 liv
1265 2300 1297 2339 αι
1320 2281 1399 2341 vitio
1423 2295 1548 2354 carere;

278 2384 472 2453 quapropter
506 2378 559 2439 vel
593 2378 687 2438 novis
719 2377 798 2438 locis
828 2377 981 2438 invehere
1011 2379 1044 2438 id
1075 2379 1210 2438 conatus
1241 2380 1309 2439 est:
1341 2382 1371 2439 A
1395 2381 1459 2440 205
1490 2373 1547 2457 τάχ’

277 2473 323 2536 ἄν
345 2471 370 2536 κ’
395 2474 470 2536 ἀπὸ
492 2474 596 2552 θυμὸν
620 2472 735 2558 ὀλέσσῃ,
760 2477 777 2547 ζ
798 2479 862 2537 808
887 2473 1014 2536 ὁπόταν
1033 2493 1065 2535 σε
1089 2475 1175 2552 δόμοι
1198 2497 1237 2536 κε
1260 2477 1378 2538 aeduos
1402 2480 1452 2550 (cf.
1472 2477 1492 2555 ἕ
1509 2481 1550 2550 8).

324 2577 481 2650 liquidem
512 2591 616 2649 neque
645 2576 848 2636 Bechtellum
878 2591 992 2636 verum
1023 2575 1144 2636 vidisse
1176 2577 1280 2653 credo,
1303 2592 1406 2651 neque
1429 2594 1471 2640 ex
1495 2579 1550 2640 'ie-

279 2677 416 2753 geaticis
439 2677 514 2738 istis
537 2677 705 2737 ruderibus
729 2675 904 2751 quidquam
928 2677 966 2737 de
989 2675 1123 2737 Homeri
1146 2691 1296 2738 sermone
1314 2692 1411 2753 posse
1433 2679 1550 2754 colligi.

278 2780 316 2840 In
351 2779 467 2854 qulbus
499 2777 600 2840 etiam
634 2785 686 2850 τᾶς
716 2777 835 2856 ζαμίαν,
864 2785 916 2850 τᾶς
946 2775 1085 2856 icioma,
1114 2785 1164 2849 τᾶς
1195 2774 1341 2858 ἔργωνίου
1368 2779 1495 2858 legitur,
1517 2783 1552 2843 et

279 2878 401 2939 ἴναασιν
435 2887 494 2959 γαῦ
528 2877 628 2939 οἰκίαν
663 2883 706 2949 (=
727 2885 782 2956 γῆς
812 2875 863 2938 καί
896 2876 991 2950 οίκίας
1025 2875 1170 2957 frasnum)
1201 2878 1278 2940 coll.
1313 2881 1415 2955 12883
1440 2881 1488 2942 ita
1514 2883 1552 2942 ui

278 2979 379 3041 simili
411 2981 535 3041 ratione
567 2979 758 3040 contendere
790 2981 900 3054 posset
922 2979 1050 3054 aliquis,
1074 2994 1115 3040 ex
1138 2979 1301 3042 Arcadum
1325 2981 1437 3055 lingua
1458 2997 1550 3057 appa-

278 3096 359 3158 rere,
391 3081 526 3155 genitivi
558 3081 736 3141 terminum
766 3101 828 3156 -αο,
850 3096 892 3141 ex
914 3095 976 3154 quo
998 3078 1077 3141 illud
1101 3102 1155 3140 ου
1178 3083 1293 3142 natum
1317 3097 1390 3143 esse
1416 3080 1552 3157 cyprios

278 3183 490 3244 monumenta
513 3183 686 3260 testantur,
711 3199 774 3245 non
796 3181 978 3245 masculino
998 3181 1203 3246 solummodo
1223 3185 1279 3245 sed
1301 3183 1456 3246 feminino
1476 3199 1550 3258 quo·

276 3303 338 3360 que
372 3287 482 3364 generi
515 3286 594 3348 olim
628 3287 792 3363 proprium
823 3287 934 3362 fuisse,
965 3302 1069 3361 nsque
1101 3287 1201 3362 igitur
1228 3286 1383 3348 vitiosum
1415 3286 1482 3349 iore
1516 3285 1550 3348 in

278 3387 421 3451 Homero
440 3383 564 3448 Ἰθάκαο
588 3387 639 3451 vel
657 3381 790 3450 Ἑλένοιο.

322 3490 384 3552 Sed
417 3491 548 3552 etiamsi
583 3489 761 3564 plurimum
794 3491 919 3552 tribuas
956 3489 1102 3551 obscuris
1137 3487 1234 3549 huius
1269 3487 1385 3564 lapidis
1421 3489 1550 3565 litteris,

277 3590 440 3666 negligere
474 3605 538 3652 non
569 3590 679 3652 licebit
709 3592 883 3652 discrimen
913 3591 998 3651 inter
1028 3584 1051 3648 κ’
1078 3585 1127 3666 ἄν,
1149 3589 1233 3663 quod
1262 3589 1404 3650 Arcades
1428 3591 1551 3650 dixisse

277 3690 435 3767 feruntur,
467 3691 501 3751 et
530 3685 569 3750 liv
597 3710 640 3767 κε,
669 3690 753 3764 quod
784 3691 817 3751 in
841 3691 935 3751 textu
958 3689 1130 3752 Homerico
1154 3690 1302 3751 occurrit.
1327 3689 1361 3752 Sl
1385 3690 1458 3764 quis
1481 3705 1548 3766 per·

277 3792 411 3868 biberet,
447 3807 488 3854 ex
518 3791 688 3865 Tegeatico
720 3791 825 3868 lapide
855 3807 1018 3869 apparere,
1051 3792 1261 3852 Homericum
1288 3811 1340 3850 κεν
1363 3805 1493 3865 semper
1517 3792 1551 3852 et

277 3892 395 3967 ubique
417 3893 451 3954 in
474 3886 497 3951 κ’
523 3888 561 3951 ἄν
585 3907 658 3953 esse
681 3895 885 3970 mutandum,
908 3891 1022 3970 ψεῦδός
1045 3914 1097 3954 κεν
1120 3897 1232 3970 φαῖμεν
1254 3888 1305 3951 καί
1331 3891 1549 3968 νοσφιζοίμεθα

277 3997 399 4070 μᾶλλον,
421 3994 479 4055 sed
501 3993 765 4068 intellegeremus
788 3996 991 4070 saltemque
1014 3997 1207 4070 argumento
1229 3995 1393 4068 uteretur;
1418 3995 1447 4054 is
1472 4010 1548 4055 vero

278 4094 333 4167 qui
366 4095 414 4156 sic
443 4093 578 4155 statuit:
611 4094 752 4156 Arcades
782 4096 954 4170 aliquando
983 4090 1006 4154 κ’
1040 4092 1078 4155 liv
1101 4096 1263 4170 dixerunt,
1287 4109 1362 4168 ergo
1387 4095 1550 4156 Homerus

277 4192 316 4253 liv
339 4215 371 4254 m
395 4195 498 4256 dicere
521 4195 637 4270 potuit,
657 4195 849 4270 syllogismo
872 4196 974 4257 utitur
997 4197 1135 4269 quatuor
1160 4195 1385 4256 terminorum.

324 4395 510 4475 synonymo
531 4397 630 4472 lglhu
652 4417 703 4458 sev
726 4398 761 4459 st
782 4393 821 4456 iv
843 4397 906 4459 dlci
929 4399 1103 4476 nequeunt,
1131 4397 1334 4459 ursmarum
1359 4395 1446 4458 enlm
1472 4397 1550 4458 sunt

286 4561 477 4572 -———-

312 4665 331 4728 ¹)
347 4671 378 4718 In
404 4669 569 4730 inscriptione
594 4670 627 4718 de
653 4669 782 4729 mysteriis
808 4667 937 4716 Andsnlss
964 4663 1059 4730 (Oscor
1080 4661 1150 4714 Del!
1172 4665 1224 4730 ll),
1240 4667 1337 4714 mooli
1358 4667 1550 4728 s.0.11‚psr-

277 4751 355 4809 petuo
381 4748 568 4810 permiscentur
589 4748 618 4796 dv
643 4751 670 4796 et
692 4767 722 4797 κα
744 4749 800 4794 sine
823 4748 894 4795 ceris
911 4745 1017 4806 ratione,
1035 4747 1071 4793 its
1088 4747 1173 4793 tsmsn
1192 4747 1221 4792 nt
1239 4748 1299 4806 post
1315 4745 1416 4794 vocales
1434 4746 1471 4802 is.
1489 4750 1550 4808 post

275 4841 401 4875 consonas
419 4844 450 4874 so
468 4828 597 4888 plerisque
615 4828 680 4875 loeis
697 4827 815 4888 ponatur.
1532 4847 1536 4854 ·
