3934 5706
339 733 356 800 ἓ
381 731 434 803 40]
949 729 1008 788 151

338 916 428 977 nulla
459 931 602 990 unquam
635 916 785 977 extitisse
816 914 975 976 eiusmodi
1000 913 1168 975 volumina
1190 916 1248 976 aut
1270 915 1346 975 ante
1370 915 1500 976 illorum
1525 917 1609 976 aeta·

338 1019 407 1077 tern
438 1016 527 1077 nullo
559 1017 696 1090 vestigio
727 1016 839 1078 relicto
862 1015 1035 1076 interiisse.
1065 1014 1137 1075 Uno
1161 1013 1259 1088 igitur
1282 1015 1447 1076 duobusve
1471 1015 1612 1077 saeculis

338 1117 413 1176 ants
448 1131 567 1176 aevum
602 1116 862 1177 Ptolemaeorum
898 1115 1064 1188 digamma
1098 1114 1131 1174 ln
1167 1115 1307 1175 Homero
1342 1118 1513 1176 exaratum
1547 1131 1610 1176 non

338 1229 421 1290 esse,
452 1215 485 1274 ld
517 1215 646 1288 quidem
677 1215 760 1276 satis
783 1216 909 1275 certum
933 1214 993 1289 est,
1019 1213 1076 1274 sed
1101 1213 1243 1273 multum
1266 1214 1359 1274 abest
1382 1214 1515 1274 atinde
1539 1230 1610 1274 con-

337 1315 465 1376 cludere
496 1316 588 1375 nuhis
618 1315 715 1376 liceat
744 1329 909 1388 nunquam
933 1315 965 1373 in
989 1312 1089 1373 iliade
1114 1313 1165 1374 vel
1189 1313 1334 1388 Odyssea
1357 1313 1471 1375 aliisve
1497 1315 1609 1375 canni·

338 1417 432 1476 nibus
456 1416 555 1491 epicis
579 1417 750 1477 exaratum
775 1431 857 1477 esse.

380 1517 552 1592 Permagul
574 1517 732 1579 momenti
749 1517 781 1578 in
805 1516 857 1578 his
878 1515 974 1578 robus
993 1515 1227 1592 perpendendis
1248 1517 1299 1578 est
1317 1517 1430 1579 textus
1449 1517 1608 1580 Pindarici

337 1621 545 1696 comparatio.
573 1619 749 1682 Pindarum
775 1619 883 1694 ipsum
907 1633 969 1680 sua
999 1618 1145 1680 carmina
1166 1619 1289 1681 chartis
1314 1621 1488 1682 mandasse
1512 1637 1609 1683 nemo

337 1723 451 1796 negat;
483 1721 622 1781 habebat
653 1721 763 1781 autern
796 1719 867 1781 eius
898 1719 1009 1794 lingua
1039 1733 1157 1780 sonum
1188 1734 1262 1796 vau,
1294 1721 1432 1796 signo.i
1459 1722 1608 1785 homines

337 1823 369 1885 in
399 1823 532 1884 Boeotia
563 1823 736 1884 utebantur
765 1822 836 1884 cius
866 1822 972 1883 aetate
997 1821 1114 1894 diuque
1137 1823 1259 1898 postea,
1285 1821 1392 1899 ipsum
1414 1839 1479 1886 non
1503 1825 1608 1900 negle-

337 1928 426 1987 xisse
456 1928 539 1988 hanc
562 1941 736 1987 consonam
760 1923 887 1985 numeri
911 1923 981 1985 eius
1005 1924 1187 1984 carminum
1211 1923 1436 1987 demonstrant
1462 1925 1482 1998 ¹)
1508 1962 1548 1972 —
1574 1930 1608 1990 et

337 2031 448 2090 tamon
482 2029 608 2090 nullum
641 2028 673 2089 tn
717 2025 845 2088 Pindari
879 2025 1041 2088 codicibus
1074 2026 1240 2101 digamma
1274 2029 1367 2090 extat
1397 2024 1429 2101 ²).
1465 2031 1608 2108 Apparet

337 2134 435 2208 igitur
457 2148 477 2193 a
499 2132 639 2194 librariis
661 2131 766 2193 serius
789 2130 879 2192 oclus
902 2145 975 2192 esse
998 2130 1157 2192 omissum
1183 2123 1216 2202 ’λ

381 2235 535 2295 Pauciora
569 2235 626 2295 sed
660 2247 723 2294 non
754 2233 863 2294 minus
895 2232 985 2293 certa
1014 2233 1208 2307 argumenta
1236 2234 1392 2309 praebent
1422 2235 1606 2298 comoediae

336 2335 572 2411 Aristophanis,
603 2335 657 2409 qui
689 2348 933 2407 nonnumquam
963 2333 1113 2394 homines
1135 2333 1384 2408 Peloponnesios
1406 2351 1502 2397 suam
1526 2337 1605 2413 ipso·

336 2453 410 2498 rum
433 2436 578 2512 linguam
602 2437 771 2510 loquentes
793 2435 827 2494 in
849 2450 983 2496 scenam
1006 2434 1143 2495 induxit.
1168 2435 1304 2508 Lysistr.
1329 2452 1378 2498 rs.
1406 2438 1485 2499 155:

602 2532 618 2597 ὁ
641 2545 702 2617 γῶν
726 2532 882 2607 Μενέλαος
905 2543 956 2607 τᾶς
974 2529 1096 2607 Ἑλένας
1119 2531 1154 2594 τὰ
1176 2533 1254 2612 μᾶλά
1277 2556 1319 2618 αα

600 2647 716 2718 γυμνᾶς
739 2635 895 2718 παραϊδὼν
918 2630 1039 2715 ἐξέβαλ’,
1060 2635 1123 2714 οἰῶ,
1145 2633 1178 2696 τὸ
1201 2635 1295 2714 ξίφος.

380 2740 458 2802 Ibid.
485 2757 532 2802 vs.
560 2742 661 2803 1095:

934 2835 985 2898 vui
1008 2834 1047 2899 τὼ
1071 2835 1125 2898 σιὼ

600 2951 697 3025 παντᾷ
719 2957 765 3021 γα·
789 2937 859 3019 φέρε
882 2937 915 3000 τὸ
937 2935 1027 3010 ἔσθος
1050 2935 1262 3017 ἀμβαλώμεθα.

334 3043 570 3104 Dubitamusne
601 3041 678 3115 quin
708 3038 888 3120 nupufcthv
918 3041 952 3101 et
981 3037 1094 3111 stodor
1126 3039 1159 3099 in
1189 3039 1260 3101 suis
1289 3041 1501 3116 pugillaribus
1532 3057 1602 3104 exa·

334 3145 455 3207 raverit
485 3144 728 3221 Aristophanes,
760 3143 792 3204 in
815 3141 921 3220 prirnn
943 3141 1070 3204 iabulao
1094 3141 1233 3204 editione
1257 3143 1445 3219 scripserint
1469 3144 1602 3223 librarii,

335 3249 367 3309 in
398 3263 497 3310 scena
526 3247 645 3308 dixerit
675 3248 746 3321 ipsa
775 3247 982 3321 Lysistrata?
1013 3246 1169 3307 Attamen
1200 3243 1355 3327 παραϊδὼν
1387 3249 1421 3308 et
1451 3246 1483 3308 τὸ
1514 3245 1605 3321 ἔσθος

335 3351 386 3409 est
409 3349 440 3409 in
465 3348 586 3409 nostris
609 3348 780 3410 codicibus.

378 3450 546 3511 Alcmanis
569 3451 789 3525 fragmentum
813 3451 845 3510 in
868 3465 989 3526 papyro
1015 3449 1240 3512 vetustissimo
1262 3452 1426 3527 repertum
1450 3465 1514 3512 uno
1535 3450 1604 3512 loco

335 3550 465 3613 exhibet
498 3551 664 3626 digamma
693 3550 860 3628 (λάνακτα),
899 3550 1045 3627 pluribus
1075 3550 1215 3614 omittit:
1247 3553 1321 3627 qula
1350 3566 1415 3614 non
1445 3550 1606 3626 intellegit

335 3653 444 3730 magni
468 3653 627 3730 naufragii
650 3655 735 3717 hunc
758 3653 890 3717 unicum
913 3654 1032 3716 testem
1055 3669 1134 3716 casu
1157 3655 1352 3730 superesse?

378 3758 569 3834 Epicharmo
589 3759 755 3833 digamma
774 3757 823 3819 bls
843 3757 991 3833 ereptum
1010 3758 1061 3819 est
1079 3756 1111 3818 tn
1132 3757 1239 3818 codice
1256 3757 1415 3818 Athenaei
1427 3762 1467 3832 (p.
1482 3757 1602 3828 taam:

336 3858 448 3920 Πέλοπι
478 3858 586 3939 ἔρανον
617 3858 720 3921 ἑστιῶν
751 3860 785 3922 ai
815 3856 888 3918 ἀλλὰ
919 3856 1026 3938 ἔρανόν
1056 3881 1101 3919 τοι
1122 3854 1206 3939 λέγω,
1234 3859 1371 3920 reddidit
1393 3860 1424 3920 ei
1447 3859 1602 3937 Mainake,

334 3962 381 4023 sic
404 3963 546 4023 metrum
569 3964 741 4039 ipsumque
762 3964 876 4038 poetae
900 3963 1006 4023 iocum
1031 3961 1216 4023 restituens.

379 4064 553 4125 Similllma
580 4067 658 4126 sunt
688 4065 861 4126 observata
891 4065 930 4125 de
964 4064 1137 4136 Theognid.
1168 4077 1217 4122 vs.
1250 4063 1325 4138 548,
1356 4063 1431 4138 574,
1462 4063 1537 4138 413,
1562 4064 1601 4124 ci.

336 4179 365 4224 v.
379 4163 491 4225 Hartel
514 4163 535 4226 l.
560 4165 580 4226 l.
606 4182 635 4241 p.
661 4166 713 4226 83.
749 4165 789 4225 itt
820 4164 885 4226 alia
915 4165 1052 4240 possunt
1081 4163 1251 4236 cumulari,
1282 4163 1338 4223 aed
1370 4177 1471 4222 unum
1495 4161 1601 4223 locum

335 4265 502 4338 praeterea
534 4266 696 4327 addidisse
730 4266 813 4327 satis
848 4265 1017 4326 hebernus.
1053 4263 1233 4324 Pausanias
1262 4263 1290 4321 V
1322 4264 1363 4322 24
1392 4263 1411 4332 5
1438 4265 1457 4322 3
1492 4263 1604 4323 narrat

336 4365 504 4440 Olympiae
534 4369 646 4428 extare
679 4368 766 4428 Iovis
789 4366 935 4426 statuam
956 4382 976 4427 a
999 4363 1262 4425 Lacedaemoniis
1284 4364 1464 4425 dedicatam
1488 4364 1521 4423 et
1544 4363 1604 4425 huc

335 4467 429 4529 titulo
453 4468 659 4543 inscriptam:

335 4643 552 4651 m———m-n-

368 4743 389 4812 ¹)
407 4747 444 4795 Gi.
462 4761 485 4795 r.
496 4749 584 4796 Hartel
601 4748 618 4795 l.
635 4749 652 4795 l.
670 4762 695 4809 p.
714 4750 744 4795 88
762 4762 818 4808 sqq.

368 4821 390 4893 ²)
407 4827 436 4874 lu
454 4827 569 4876 vocalem
588 4832 672 4876 tumen
690 4829 817 4876 mnhtum
836 4827 956 4887 superesi
973 4825 998 4872 ln
1015 4837 1078 4871 voce
1095 4825 1170 4871 niden
1188 4823 1261 4884 Pyth.
1279 4825 1305 4872 11
1323 4827 1363 4874 id.

368 4905 389 4969 ³)
406 4908 462 4956 vid.
480 4907 565 4969 Bergk
582 4909 653 4957 Poot.
672 4909 729 4970 Lyr.
749 4906 772 4955 1⁴
790 4923 815 4972 p.
833 4909 873 4972 aa,
892 4905 1083 4956 donner-ntum
1101 4903 1113 4952 1
1131 4917 1156 4969 p.
1175 4905 1206 4954 ti
1224 4906 1250 4956 et
1268 4906 1308 4967 ti,
1329 4909 1350 4956 l.
