3958 5696
925 697 988 760 577

547 883 646 965 ὄψεαι,
667 881 706 966 ἢν
729 881 882 970 ἐθέλῃσθα
904 881 954 945 ml
977 884 1013 944 oi
1030 880 1083 946 ιλν
1104 906 1149 946 τοι
1170 882 1207 946 ιὰ
1227 882 1352 970 μεμήλῃ,

546 977 597 1066 ἦρι
620 981 683 1065 μάλ’
704 981 925 1064 Ἑλλήσποντον
947 979 990 1046 bl
1015 983 1173 1064 Ιχθνόονια
1195 985 1342 1059 πλεούσας
1392 1023 1395 1029 -

548 1097 623 1167 νῆας
648 1085 728 1166 ἐμὰς,
749 1084 781 1148 ἕν
804 1081 834 1148 θ’
859 1084 972 1167 ἄνδρας
997 1083 1182 1165 ἱρεσσέμεναι
1204 1095 1367 1166 μεμαῶτας.

370 1194 458 1271 Quae
477 1191 604 1254 soloeca
623 1193 700 1252 sunt
719 1191 752 1252 et
771 1189 984 1265 incomposite
1003 1189 1099 1266 dicte,
1119 1189 1199 1249 nihil
1219 1189 1307 1251 enim
1326 1192 1378 1252 est
1393 1189 1597 1266 participium

325 1295 403 1356 iliud
422 1294 610 1354 absolutum
626 1291 750 1353 scilicet
773 1289 897 1367 νηήσας,
918 1290 1003 1364 quod
1026 1291 1067 1352 ad
1089 1290 1248 1352 Achillem
1272 1291 1327 1364 qni
1348 1291 1489 1364 loquitur
1511 1306 1597 1366 spec·

326 1397 396 1456 tare
418 1395 523 1468 debet,
547 1393 618 1468 sed,
649 1394 686 1452 ut
704 1406 788 1451 nunc
809 1392 906 1452 habet
932 1392 1116 1467 contextus,
1137 1391 1178 1452 ed
1204 1406 1280 1452 eum
1308 1406 1406 1464 quem
1424 1391 1599 1464 alloquitur

325 1496 457 1556 Ulixem
488 1495 540 1554 est
565 1493 778 1554 referendum.
810 1491 892 1566 Quid
922 1492 1024 1552 lateat
1051 1491 1121 1566 ipse
1148 1490 1303 1552 indicabit
1333 1491 1505 1552 Homerus.
1528 1493 1599 1552 lion

325 1610 440 1656 omnes
470 1609 549 1654 suae
579 1592 694 1654 classis
724 1605 826 1652 naves
856 1589 999 1652 Achilles
1026 1591 1096 1666 ipse
1119 1591 1170 1652 est
1192 1591 1394 1666 oneraturos,
1418 1591 1475 1652 sed
1497 1606 1599 1652 unam

326 1695 416 1756 iiiam
440 1696 472 1754 in
496 1709 560 1768 qua
583 1706 660 1767 opes
682 1706 759 1752 suas
790 1691 889 1753 habet
920 1690 1082 1752 collectas.
1105 1689 1198 1751 Hunc
1220 1690 1431 1765 impleturum
1452 1692 1595 1753 sedicit.

325 1797 435 1870 Neque
465 1794 565 1855 eiiam
597 1794 821 1867 Agamemnon
842 1793 1045 1868 spectaverat
1069 1806 1145 1853 cum
1175 1793 1255 1853 haec
1286 1790 1403 1867 legatis
1428 1793 1598 1854 mandaret

324 1912 386 1979 (vs.
412 1898 503 1967 lilii:

503 2003 578 2074 νῆα
599 1993 687 2067 sitq
709 2003 820 2075 χρυσοῦ
843 1992 895 2055 καλ
916 1997 1026 2072 χαλκοῦ
1048 1993 1138 2066 (milo)
1160 1993 1337 2072 νηησάσθω,
1368 2069 1370 2076 γ
1565 2065 1568 2070 .

325 2113 408 2172 quae
442 2097 560 2158 iisdem
593 2094 707 2157 deinde
739 2095 845 2156 verbis
875 2095 991 2156 Ulixes
1020 2093 1139 2156 Achilli
1168 2095 1297 2156 rettulit
1326 2100 1386 2167 (vs.
1418 2097 1504 2170 279).
1529 2099 1600 2160 Ηοο

324 2201 422 2275 igitur
454 2197 654 2276 promissum
687 2196 819 2273 respicit
853 2196 1006 2274 Achilles,
1045 2212 1120 2260 cum
1155 2197 1382 2260 stomachosus
1415 2201 1598 2274 retorquet:

331 2301 429 2379 „nihil
464 2317 540 2362 curo
573 2316 650 2376 opes
684 2299 801 2374 quihus
836 2300 969 2362 Atridae
1008 2315 1116 2361 meam
1151 2315 1270 2360 navem
1306 2301 1529 2364 somniaturos
1563 2318 1599 2364 se

327 2405 454 2481 dicunt;
495 2405 564 2479 ipse
598 2419 671 2464 eam
706 2402 864 2479 impieho;
899 2403 1001 2464 habeo
1035 2417 1118 2477 quae
1152 2401 1327 2480 imponam,
1358 2402 1480 2466 dudum
1511 2405 1601 2467 hisce

328 2509 411 2570 meis
434 2507 585 2568 manibus
609 2521 746 2579 meoque
769 2506 886 2567 sudore
908 2507 1018 2580 parta,
1042 2504 1135 2580 plura
1158 2520 1220 2565 nou
1243 2505 1407 2581 desidero;
1434 2505 1601 2568 sufficiunt

328 2607 424 2685 ἅμολ
452 2605 512 2669 ἐστι
541 2611 604 2690 top
634 2602 716 2684 παρὰ
745 2603 800 2682 νηῒ
827 2603 950 2688 μελαίνῃ
974 2608 1013 2676 (Α
1037 2606 1121 2677 300).
1148 2605 1226 2666 Grae
1244 2621 1362 2668 narem
1382 2623 1503 2684 meam,
1528 2623 1600 2668 cun·

329 2710 391 2771 ctis
412 2725 495 2784 quae
518 2709 666 2785 possideo
689 2709 868 2783 oneratam,
892 2707 1078 2783 protraham
1099 2707 1134 2768 in
1155 2721 1245 2768 mare
1267 2707 1301 2768 et
1319 2707 1454 2769 domum
1472 2707 1598 2771 redibo:

507 2807 622 2886 νηήσας
646 2803 679 2868 tt
702 2815 777 2886 νῆα
801 2805 900 2886 ἐμὴν
922 2806 1012 2867 trote
1034 2806 1262 2886 npofirpridoffl.
1286 2841 1327 2851 -

327 2912 448 2975 Deinde
480 2925 600 2972 novam
633 2909 722 2971 addit
751 2909 960 2986 sententiam,
991 2924 1068 2970 cum
1090 2909 1354 2984 praecedentibus
1384 2923 1447 2968 non
1471 2909 1598 2970 coniun-

332 3015 431 3090 ctam,
454 3027 538 3086 quae
563 3026 584 3071 a
606 3009 742 3070 famosis
764 3008 831 3070 iilis
858 3005 966 3085 ,ὄψεαι
988 3003 1027 3086 ἢν
1050 3003 1223 3091 ἐθέλῃσθα·
1247 3008 1368 3083 incipit.
1397 3013 1415 3079 Ι)

371 3239 521 3299 Alterum
544 3236 733 3311 exemplum
756 3234 789 3295 in
814 3233 927 3296 eedem
954 3231 1035 3293 libro
1059 3233 1152 3293 extat
1176 3233 1195 3290 I
1214 3233 1297 3292 304:

438 3343 496 3396 νῦν
518 3335 574 3415 γάρ
596 3328 617 3412 χ’
635 3327 752 3412 Ἕκτορ’
778 3329 864 3410 ἕλοις,
886 3328 972 3392 irtel
996 3328 1041 3390 ἂν
1065 3329 1144 3410 μάλα
1166 3353 1211 3392 τοι
1234 3329 1339 3410 σχεδὸν
1362 3329 1446 3414 ἔλθη.

328 3440 380 3501 Sic
402 3440 435 3500 iu
460 3437 522 3499 iine
552 3434 736 3512 praeclarae
767 3432 971 3495 allocutionis
1003 3431 1118 3493 Ulixes
1145 3430 1307 3494 Achillem
1330 3431 1526 3509 cohortetur,
1550 3434 1601 3495 ad·

328 3541 460 3600 modurn
494 3537 606 3598 tamen
639 3534 779 3596 insulse:
818 3547 923 3612 ,nanc
955 3533 1116 3594 Hectorem
1140 3535 1226 3608 poter
1256 3547 1415 3609 occupare,
1449 3532 1478 3594 ai
1512 3535 1603 3596 modo

323 3641 455 3716 propius
485 3639 528 3700 od
557 3641 583 3698 te
609 3637 742 3710 αοοοθαι,
769 3667 809 3679 -
834 3635 1007 3710 inquibus
1031 3634 1165 3695 ridicule
1189 3633 1273 3695 inter
1296 3650 1332 3694 se
1355 3637 1500 3710 pugnant
1522 3637 1601 3699 iilud

328 3758 414 3801 aune
443 3742 478 3801 et
506 3739 585 3800 iilud
615 3739 652 3800 si.
684 3737 807 3812 itaque,
841 3737 879 3796 ut
911 3737 963 3796 est
991 3736 1075 3810 apud
1107 3735 1286 3811 Platonem,
1310 3743 1416 3796 τοῦτον
1438 3733 1490 3804 τὸν
1512 3735 1603 3817 λόγον

329 3839 438 3919 ἀμείνω
462 3837 500 3898 ἂν
523 3833 663 3918 γενέσθαι
686 3829 768 3912 οἶμαι
792 3833 822 3894 ελ
838 3857 881 3907 τις
905 3832 938 3896 ιλ
960 3835 1034 3912 „el”
1056 3831 1161 3910 ἀφέλοι
1181 3832 1283 3895 αὐτοῦ.
1303 3833 1373 3896 Non
1386 3835 1468 3897 dixit
1487 3837 1601 3900 Ulixes

328 3941 412 4018 quod
436 3941 558 4004 dixisse
588 3940 700 4016 iertur,
725 3939 782 3999 sed
806 3933 870 3998 aar
890 3939 1001 4001 nostro
1024 3937 1094 4000 loco
1118 3935 1300 4013 significare
1324 3936 1419 4000 dehet
1440 3940 1601 4019 quoniam,

330 4045 435 4106 aliena
466 4043 565 4118 igitur
595 4060 615 4104 a
638 4041 802 4104 sententia
825 4042 877 4102 eat
901 4041 1060 4117 particula
1087 4039 1315 4102 condicionalis
1345 4035 1384 4099 ἄν
1411 4042 1463 4103 vei
1490 4064 1542 4103 κεν
1567 4040 1602 4115 ¹).

332 4149 463 4210 Poetam
486 4145 614 4208 dedisse
637 4159 772 4207 censeo:

365 4452 385 4520 ¹)
401 4456 472 4502 Inter
488 4467 517 4501 ae
534 4453 656 4500 contundi
674 4453 757 4502 solere
774 4454 875 4502 littorea
893 4459 922 4503 il
935 4456 962 4502 et
978 4457 1012 4501 M
1027 4467 1103 4502 nemo
1116 4453 1207 4514 nescit,
1221 4452 1354 4501 lenissima
1368 4453 1447 4514 igitur
1464 4457 1505 4501 eri
1522 4465 1600 4514 qoem

334 4534 458 4594 proposui
482 4531 614 4580 correctio.
639 4531 729 4592 licque
754 4533 840 4581 hiatu
864 4531 892 4580 in
914 4545 1020 4581 oeeanrr
1043 4532 1171 4580 sdmhsns
1193 4544 1235 4580 nra
1252 4534 1341 4594 terret,
1357 4531 1419 4580 iicet
1438 4533 1493 4580 ure
1509 4531 1601 4580 cohoe-

330 4615 403 4660 πονοι
420 4625 495 4660 voees
511 4616 555 4670 νηα
572 4611 599 4655 ei
615 4612 677 4670 λμην.
694 4612 786 4671 Itaque
803 4618 858 4670 νηας
874 4611 931 4670 lptr
947 4610 1033 4658 minna
1051 4609 1193 4671 probabilis
1209 4609 1311 4659 ridetur
1325 4610 1482 4658 coniectura.

365 4691 386 4754 λ)
403 4693 451 4740 imi
476 4690 506 4739 liv
530 4686 637 4762 (WL)
655 4690 757 4738 nonnisi
772 4690 822 4738 hoo
839 4689 896 4738 ioco
912 4692 939 4738 et
955 4695 977 4737 z
995 4691 1044 4737 iia
1063 4689 1169 4750 lapiton
1187 4688 1248 4736 olibi
1266 4692 1313 4737 sut
1329 4693 1386 4749 imis
1403 4690 1449 4736 snt
1465 4692 1515 4736 irrui
1532 4683 1601 4753 ηοω.

330 4771 379 4819 1110
402 4772 458 4819 ioco
484 4773 507 4819 ei
530 4789 569 4819 κη
595 4769 772 4828 corrigendam
800 4768 914 4826 videtum
936 4769 969 4816 ci.
993 4768 1060 4816 inire
1083 4781 1142 4828 pag.
1161 4767 1218 4816 588.
1235 4793 1268 4803 -
1285 4767 1367 4816 simili
1394 4766 1474 4817 errori
1491 4765 1602 4815 deheim

330 4852 392 4918 ὄφρα
409 4869 434 4900 ιιι
451 4865 498 4912 pro
515 4851 577 4917 ὄφρα
594 4854 620 4897 X
638 4849 695 4898 882.
