3908 5724
351 609 371 688 s
396 607 469 681 146]
955 610 1018 670 ιιι

352 801 504 860 praesens
532 788 566 847 ln
597 811 672 854 seo
700 795 888 871 formatum,
919 796 979 857 hae
1002 812 1088 872 vero,
1112 796 1142 856 si
1164 811 1185 858 a
1207 795 1369 871 praesenti
1393 795 1538 870 tempore
1560 794 1623 855 sui·

351 885 454 948 lixum
478 905 543 949 -σκ-
566 893 668 954 abest.

395 987 565 1066 stirpibus,
589 1008 672 1067 quae
696 993 890 1054 clauduntur
914 995 1017 1055 vocali
1041 994 1191 1070 simplici,
1215 993 1335 1054 suiiirra
1357 1010 1443 1054 -σκον
1463 1010 1544 1064 -σκες
1564 995 1626 1055 etc.

351 1101 441 1148 mera
463 1089 664 1167 adiciuntur;
687 1095 716 1154 si
741 1108 817 1155 vero
840 1094 873 1154 in
898 1095 1134 1170 diphthongum
1158 1095 1209 1157 vei
1233 1109 1409 1156 consonam
1429 1095 1529 1170 stirps
1548 1094 1626 1169 exit,

350 1188 528 1252 thematica
560 1193 731 1256 intercedit
766 1195 887 1255 vocalis
920 1216 943 1254 ε.
979 1196 1130 1256 Acrisius
1164 1195 1356 1269 sigmaticus
1390 1197 1467 1256 ante
1504 1194 1626 1256 suiiixa

350 1289 502 1351 iterativa
524 1293 623 1355 habet
648 1296 792 1356 vocalem
818 1299 846 1370 ἅ,
865 1311 964 1369 quarn
984 1311 1002 1356 e
1022 1298 1127 1371 prima
1147 1311 1284 1370 persona
1303 1297 1477 1370 singularis
1498 1297 1627 1357 numeri

350 1391 382 1449 in
405 1393 532 1454 ceteras
555 1397 651 1456 huius
675 1397 831 1470 temporis
855 1397 977 1457 formas
999 1397 1168 1471 irrepsisse
1195 1397 1335 1456 vidimus
1360 1412 1431 1471 pag.
1457 1398 1532 1458 309.

394 1491 552 1570 Exempla
585 1497 681 1557 huius
716 1497 979 1558 conformationis
1010 1513 1028 1558 e
1063 1497 1178 1557 multis
1208 1497 1308 1557 allata
1339 1500 1436 1558 sunto
1467 1513 1550 1571 quae
1579 1513 1626 1558 ss·

349 1598 508 1666 quuntur:

438 1697 563 1773 imperf.
595 1700 739 1778 εἴα-σκον,
779 1699 920 1775 ἵστα-σπι,
958 1693 1139 1779 ’proi-unsre,
1165 1693 1365 1777 'null-onero,
1399 1695 1626 1780 ἐμυθέ-σκοντο,

635 1797 819 1884 ’ρήγνυ-σκε,
839 1796 981 1884 ’pu-oure.

589 1899 971 1985 'vel-s-oua'rruv-t-onsro,
982 1903 1205 1986 ἅριστεύ-ε-σκε,
1220 1904 1370 1986 ips-onec,
1381 1903 1624 1985 ipsanio-erne,

638 2001 798 2069 ὀλέκ-ε-σκε
824 2011 851 2068 Τ
874 2009 946 2071 135.
1393 1994 1396 2000 ,

439 2122 504 2168 aor.
529 2109 560 2169 ΙΙ
595 2107 738 2189 loro-nas,
760 2107 909 2189 οὔτα-σκε,
931 2108 1079 2189 luo-oreo,
1099 2107 1226 2171 iio-ons.

595 2207 765 2290 ἐΗδ-ε-σκε,
785 2206 983 2292 ’γεν-ἕ-σκετο.

438 2325 505 2372 801.
530 2312 545 2373 1
597 2309 775 2388 ἕλάσ-α-σκε,
796 2313 1004 2394 lupia-noas,
1026 2311 1197 2394 sipost-oica,
1219 2309 1431 2374 ἐδασ-ά-σκετο.

394 2411 504 2473 Prima
526 2430 664 2489 persona
687 2417 822 2492 pluralis
845 2417 972 2479 numeri
995 2432 1059 2478 uno
1082 2416 1152 2478 loco
1176 2417 1278 2491 extat,
1297 2409 1488 2493 ’νικάσκομεν
1510 2418 1527 2473 l
1547 2416 1622 2493 512,

349 2512 491 2573 secunda
523 2514 699 2588 singularis
722 2517 821 2579 medii
844 2519 977 2596 duobus,
1001 2521 1034 2578 X
1050 2519 1115 2579 433
1134 2511 1283 2576 ’πελέσκεο
1307 2517 1341 2577 et
1360 2515 1392 2574 il
1405 2517 1469 2577 730
1487 2509 1624 2594 ’pionem

349 2613 476 2674 ceterae
496 2613 620 2676 formae
639 2617 810 2680 iterativae
831 2621 966 2680 cunelae
985 2620 1018 2680 ln
1041 2634 1129 2678 -σκον
1152 2634 1233 2689 -σκες
1256 2619 1362 2686 -σκε(ν)
1386 2632 1483 2676 -σκετο
1503 2632 1623 2677 -σκοντο

350 2713 513 2776 desinunt.

395 2815 577 2892 Separaiim
614 2821 715 2882 etiam
749 2820 853 2882 forma
888 2807 1031 2897 ἐφᾶνεσκε
1061 2824 1092 2880 Λ
1116 2821 1157 2882 34
1189 2818 1293 2880 1587
1325 2840 1347 2896 μ
1378 2818 1440 2879 241
1465 2832 1513 2891 sq.
1547 2817 1623 2880 Hos.

350 2917 388 2979 ir.
413 2915 468 2980 38²
492 2919 600 2981 Rzaoh
631 2922 800 2983 indicanda
832 2922 892 2998 esi,
922 2921 1076 2996 quonlam
1099 2923 1178 2984 haec
1208 2919 1278 2981 sola
1304 2920 1344 2979 ab
1367 2918 1488 2980 aoristo
1505 2919 1625 2994 passivi

349 3019 404 3093 qui
427 3019 489 3081 (lici
513 3021 596 3082 solet
620 3022 717 3084 dueta
740 3022 907 3097 reperitur.

395 3119 489 3181 Verbi
512 3121 573 3198 εἰμί
594 3123 717 3185 iormae
740 3124 911 3185 iteratlvae
934 3140 997 3185 non
1022 3123 1208 3184 adsciscunt
1228 3121 1376 3182 vocalem
1396 3121 1624 3195 thematicam,

350 3219 407 3280 sed
437 3221 549 3295 stirpis
578 3223 687 3297 sigma
716 3239 791 3284 cum
822 3224 983 3284 elemento
1014 3223 1121 3297 sigma
1147 3221 1258 3282 suffixi
1289 3220 1461 3281 oouiluxit:
1493 3217 1623 3295 ἔσ-σκον,

350 3316 458 3395 ἕσ-σκε,
479 3337 561 3394 quae
585 3321 672 3382 truce
695 3321 759 3384 irus
783 3323 877 3384 scribi
902 3324 1017 3400 soient,
1043 3323 1095 3384 vel
1119 3323 1227 3384 addito
1247 3323 1422 3394 augmento
1442 3321 1517 3392 (vid.
1532 3321 1625 3392 inira)

353 3411 443 3499 ἦσκον
467 3414 545 3501 ἦσκε.

395 3524 630 3589 Nonnuiiarum
655 3529 817 3603 stirpium,
841 3542 924 3602 quae
948 3527 1051 3588 vocali
1075 3526 1303 3601 terminantur,
1327 3523 1448 3584 suffixa
1467 3539 1529 3585 non
1549 3526 1628 3585 suut

351 3642 438 3688 -σκον
468 3631 529 3692 otu.
554 3632 611 3692 sod
640 3648 741 3691 -εσκον
773 3632 849 3706 844,
875 3647 902 3692 e.
927 3645 957 3706 g.
977 3615 1124 3710 ’yesi-surr
1149 3633 1172 3684 0
1196 3627 1248 3704 92,
1270 3615 1485 3687 ’volsci-sonos
1511 3628 1534 3686 li
1562 3628 1626 3689 oali

350 3731 423 3806 stc„
440 3725 629 3811 ’φορὲ-εσκον
655 3735 679 3792 li
701 3735 765 3796 770
786 3727 1101 3810 θ4ο.,’βουιιολέ-εσκες
1124 3732 1152 3788 Φ
1165 3729 1240 3802 448,
1258 3722 1417 3805 ’pili-sous
1439 3733 1463 3789 Z
1482 3731 1522 3791 15
1546 3732 1626 3806 elo.;

352 3831 416 3894 alia
439 3835 591 3909 exempla
614 3838 730 3897 extant
755 3837 864 3896 0363
892 3837 1001 3896 0723
1030 3834 1113 3893 728
1137 3835 1166 3891 Φ
1189 3832 1253 3892 448
1278 3831 1379 3894 loos
1404 3833 1496 3893 ε480
1519 3834 1626 3908 111353

352 3956 375 3992 ω
398 3935 463 3994 390
491 3935 568 3995 Hes.
593 3937 680 3997 Scut.
714 3938 786 3998 162.
821 3935 938 4011 Quales
971 3935 1092 3995 formas
1123 3935 1262 3995 sortasse
1294 3934 1418 4008 peperit
1449 3935 1627 3995 necessitas

355 4035 500 4112 metrica,
520 4037 646 4096 numeri
668 4039 754 4098 enim
777 4038 907 4098 obstant
933 4036 1107 4110 quominus
1120 4027 1307 4094 'veliternae
1329 4036 1360 4095 et
1382 4035 1504 4096 similia
1524 4035 1627 4097 dican·

353 4139 424 4208 tur:
450 4153 510 4198 non
533 4139 680 4200 omnium
710 4142 820 4202 tamon
845 4139 1030 4200 huiusmodi
1055 4139 1233 4200 formarum
1256 4135 1344 4210 origo
1368 4152 1410 4197 ex
1433 4136 1627 4198 necessitate

353 4240 490 4300 metrica
513 4243 621 4315 potest
641 4243 752 4318 repeti,
773 4258 850 4303 nam
872 4243 976 4303 iorma
995 4237 1126 4318 ἕφΐλεσκε
1151 4239 1292 4314 exempli
1313 4240 1418 4314 gratia
1437 4240 1627 4301 hexametro

352 4342 456 4415 apuor
487 4343 586 4403 etiam
614 4345 685 4404 erat
716 4359 814 4418 quam
843 4339 997 4420 ἐφτλέεσκε.
1021 4345 1134 4417 ltaque
1157 4343 1324 4417 analogiae
1347 4342 1408 4423 hae
1438 4343 1628 4417 similesque

353 4443 487 4519 formae,
512 4459 594 4517 quae
617 4444 732 4505 mullis
751 4444 830 4505 iocis
854 4447 958 4505 metro
982 4444 1145 4504 stabilitae
1168 4445 1246 4504 sunt
1265 4445 1311 4515 (Ν
1328 4445 1403 4520 372,
1428 4445 1492 4504 388
1518 4445 1627 4505 0648

352 4545 425 4616 ete.)
449 4545 557 4606 deberi
581 4545 738 4622 videntur,
764 4545 891 4607 collatis
915 4546 1026 4605 autem
1044 4545 1157 4605 formis
1180 4545 1287 4618 qualis
1313 4547 1364 4606 est
1387 4548 1522 4615 νεικεωω
1535 4539 1627 4604 -’νει-

351 4645 472 4722 esicone,
495 4647 714 4722 intellegimus
738 4663 794 4710 eas
818 4642 1105 4718 e'vecsuilri-scxov
1129 4647 1189 4708 etc.
1214 4647 1382 4723 prodiisse.

399 4750 485 4810 Vitio
510 4751 606 4811 natae
635 4752 712 4811 sunt
736 4752 860 4813 formae
891 4748 1061 4811 anomalae
1087 4743 1266 4830 ’κρύπτασκε
1293 4748 1318 4810 Θ
1342 4749 1406 4810 272
1430 4748 1502 4825 (leg.
1528 4742 1629 4826 ''upi-
