3842 5690
975 725 1038 783 110
1538 729 1567 799 [5
1591 728 1632 788 28

365 915 426 977 cidi
449 916 481 992 ¹),
513 914 572 974 boc
602 914 660 973 aut
692 927 733 972 ex
762 907 930 990 {piperato
965 913 1077 974 eadem
1110 913 1233 974 ratione
1257 913 1412 988 prodiisse
1436 919 1493 977 aut
1523 919 1635 978 textus

367 1017 565 1094 corruptelae
599 1015 706 1076 deberi
729 1019 762 1086 ²).
794 1016 839 1077 De
874 1015 1031 1077 adiectivo
1061 1012 1200 1094 triopus,
1230 1033 1293 1078 uno
1326 1019 1395 1079 loco
1426 1020 1529 1098 obvio,
1560 1021 1634 1094 quid

368 1125 554 1183 statuamus
576 1118 773 1192 ambigimus
796 1121 829 1190 ³).
853 1119 950 1180 Verbi
970 1116 1099 1196 ἠείδειίς)
1119 1119 1281 1193 syllabam
1300 1121 1459 1182 initialem
1479 1120 1635 1184 110ηέ66-

367 1223 569 1285 scribendam
608 1235 681 1281 asse
707 1221 764 1281 sed
790 1219 967 1294 longiorem
991 1222 1153 1294 quandam
1177 1223 1344 1296 augmenti
1363 1223 1503 1300 formam
1526 1221 1561 1301 τ’,
1584 1225 1635 1285 hic

367 1337 530 1399 apparere,
549 1321 771 1381 demonstrare
791 1324 926 1380 conatus
938 1322 988 1380 est
1001 1320 1242 1398 Wackernagel,
1259 1322 1311 1382 cui
1324 1323 1434 1383 tamen
1446 1323 1636 1398 adstipulari

369 1438 528 1500 veremur,
553 1422 628 1482 licet
651 1421 787 1481 schulze
808 1419 937 1496 Quaest.
957 1420 1043 1495 Epic.
1057 1436 1086 1495 p.
1102 1421 1165 1480 264
1193 1421 1223 1481 ei
1247 1422 1453 1486 assentiatur.
1476 1423 1635 1497 Perquam

367 1529 518 1602 suspecta
548 1526 600 1586 est
629 1523 766 1596 denique
796 1523 908 1582 aoristi
939 1521 1044 1582 forms
1067 1522 1226 1596 dactylica
1254 1519 1390 1600 illidor,
1411 1539 1509 1598 quam
1533 1526 1635 1586 critici

367 1645 384 1690 e
414 1629 597 1690 coniectura
620 1625 653 1685 in
676 1627 805 1685 textum
829 1623 1021 1684 invexerunt
1044 1624 1118 1685 lreti
1145 1625 1277 1686 Aeolica
1299 1625 1396 1686 huius
1420 1627 1508 1687 vorbi
1530 1627 1635 1688 forma

366 1728 485 1806 stadem
510 1744 587 1790 nam
610 1727 643 1786 in
665 1727 777 1799 lingua
800 1726 933 1787 Homeri
956 1727 1121 1800 digamma
1144 1727 1183 1786 ad
1209 1726 1353 1787 vocalem
1382 1743 1464 1800 quae
1490 1743 1633 1803 praegre-

364 1833 451 1893 ditur
484 1831 517 1890 in
552 1830 665 1890 eodem
700 1825 798 1886 verbo
827 1827 1064 1900 producendam
1095 1841 1158 1887 non
1187 1826 1318 1902 sufficit,
1343 1830 1381 1886 ut
1403 1827 1483 1888 bene
1507 1829 1633 1888 demon·

364 1931 483 1992 stravit
513 1927 648 1990 Schulae
677 1928 711 1988 in
745 1927 993 2003 Quaestionlbua
1015 1927 1198 1988 Homericis
1224 1927 1307 1988 1887
1331 1929 1365 1987 et
1393 1928 1523 2004 Quaest.
1547 1927 1632 2002 llplc.

366 2032 476 2104 (1892)
500 2045 570 2105 pag.
596 2030 637 2089 62
662 2043 731 2102 sqq.

410 2230 433 2314 ss
456 2231 509 2300 28.
544 2224 582 2294 In
605 2232 796 2306 quibusdam
821 2231 996 2309 vocabulis,
1021 2247 1103 2306 quae
1130 2233 1195 2292 alla
1217 2233 1341 2294 ratione
1364 2233 1546 2293 hexametri
1566 2233 1631 2293 vin·

368 2337 439 2400 culo
473 2335 630 2409 adstringi
663 2350 725 2395 non
760 2335 918 2410 poterant,
950 2335 1124 2408 negligitur
1152 2334 1279 2411 positio,
1309 2350 1350 2394 ns
1376 2334 1483 2395 brevis
1506 2334 1633 2409 syllaba

369 2441 454 2501 iuter
476 2437 558 2498 duas
581 2435 693 2510 longas
715 2435 822 2496 locum
846 2435 1005 2511 obtineat;
1030 2434 1070 2496 ci.
1093 2436 1112 2505 6
1139 2437 1191 2496 ol.

414 2542 442 2612 1)
466 2540 536 2601 Non
559 2539 744 2614 producitur
766 2537 888 2598 vocalis
910 2536 1018 2598 brevis
1042 2539 1117 2598 ante
1142 2537 1299 2598 vocabula
1321 2539 1505 2612 sequentia:

502 2629 662 2712 zbuovoog
686 2642 710 2699 Β
735 2641 799 2701 634
823 2662 841 2698 α
866 2641 930 2701 246
954 2662 965 2698 ι
989 2639 1030 2700 24
1053 2659 1076 2699 π
1102 2641 1175 2716 123,
1200 2641 1264 2701 260
1287 2662 1302 2700 τ
1326 2642 1386 2702 131
1418 2642 1449 2702 11.
1473 2641 1533 2716 Ap.
1558 2641 1633 2701 423.

502 2741 604 2804 Ziim
627 2744 653 2801 ii
676 2743 740 2803 824
765 2745 792 2802 Δ
817 2741 890 2817 103,
918 2743 989 2803 121.

499 2831 697 2924 aalysiae
722 2845 750 2902 n
770 2845 822 2920 ao,
846 2845 896 2919 77,
920 2845 982 2905 rra
1002 2843 1038 2902 rr
1053 2845 1117 2904 aaa
1137 2848 1168 2903 Λ
1188 2847 1251 2906 roo
1273 2845 1313 2903 ru
1330 2845 1368 2904 ar
1398 2845 1427 2901 r
1443 2846 1484 2908 74
1507 2845 1536 2904 ψ
1559 2845 1632 2920 124,

547 2949 621 3024 223,
646 2948 721 3024 306,
746 2949 809 3008 603
835 2947 865 3004 Χ
889 2946 962 3007 148.

501 3047 712 3128 Σκᾶμᾶνδριος
736 3050 761 3107 Β
784 3049 859 3124 466,
884 3049 947 3108 467
974 3049 1002 3105 Ε
1025 3048 1067 3107 43
1092 3050 1116 3106 Ζ
1139 3049 1214 3108 402.

501 3147 667 3228 σκέπαρνον
689 3169 703 3209 ε
727 3149 789 3209 237
814 3171 825 3206 ι
849 3149 924 3208 391.

501 3249 617 3322 ortator
641 3271 664 3325 φ
689 3251 762 3326 178,
789 3251 862 3309 183.

499 3351 567 3428 orriri
590 3351 673 3432 Hes..
692 3351 784 3427 Oper.
810 3352 873 3411 589
897 3354 937 3422 (τε
959 3350 1036 3427 cairi,
1057 3349 1168 3411 Nauck
1190 3350 1449 3423 ingeniosissime
1473 3347 1585 3426 συκέη).

337 3489 339 3492 -
411 3456 442 3525 2)
465 3454 535 3515 Non
558 3454 743 3527 producitur
766 3453 893 3528 syllaba
914 3452 1048 3512 initians
1072 3467 1205 3512 vocum:

499 3553 632 3633 ἀμβρότη
655 3551 684 3617 Ξ
704 3554 755 3614 78.

499 3654 664 3735 ἀνδροτῆτα
677 3656 714 3724 (7)
739 3655 772 3710 Π
792 3654 855 3713 867
880 3655 913 3710 Χ
933 3655 997 3714 363
1021 3653 1054 3711 Ω
1078 3655 1108 3713 6.

498 3752 690 3836 ἀνδροφόνῳ
713 3755 738 3810 Β
761 3755 821 3813 661
848 3753 883 3810 Η
905 3756 966 3814 166
993 3753 1019 3811 Θ
1043 3753 1107 3813 264
1132 3755 1157 3810 Ρ
1181 3752 1254 3813 269.

492 3851 634 3916 ‘Iactatur
658 3857 682 3912 Β
707 3857 780 3916 637.

360 4023 362 4028 ,
411 3963 442 4030 3)
465 3959 535 4020 Non
559 3959 744 4034 producitur
766 3959 907 4018 secunda
929 3958 1056 4031 syllaba
1083 3958 1270 4018 nominum:

499 4057 649 4140 Alyumloy
672 4056 748 4132 -rteo
771 4051 856 4142 -aipd
883 4055 977 4131 -τΐους
996 4055 1081 4118 -τΐων
1105 4060 1204 4119 1382
1229 4057 1246 4116 6
1266 4059 1319 4134 83,
1340 4059 1412 4134 127,
1433 4059 1496 4118 223
1519 4059 1534 4130 ξ
1555 4059 1630 4133 263,

545 4163 609 4222 286
633 4184 649 4242 ρ
676 4162 750 4221 432.

495 4259 713 4344 Ἠλεκτρΰωνος
736 4283 805 4340 -νης
827 4262 904 4323 Has.
930 4262 1017 4323 Sciit.
1043 4263 1073 4338 3,
1100 4265 1149 4339 16,
1175 4264 1227 4323 36.

499 4355 656 4442 «hadom
679 4366 710 4438 (i.
735 4381 763 4427 θ.
787 4353 988 4436 clav-odone)
1012 4387 1030 4424 ν
1057 4365 1128 4426 109.
1155 4363 1199 4426 Cf.
1225 4365 1242 4434 5
1267 4365 1341 4425 324.

366 4511 442 4520 nas-—
450 4509 585 4518 -—-—·—

401 4581 418 4644 ¹)
435 4583 517 4630 Aliter
530 4583 649 4642 opinatur
657 4581 765 4627 Sohulae
774 4581 877 4637 Quaost.
894 4579 942 4639 ΕΡ.
954 4592 979 4639 p.
989 4578 1037 4625 466
1053 4577 1153 4624 collaiia
1167 4577 1300 4625 titulorum
1316 4577 1421 4623 vocibus
1429 4577 1514 4638 idssdr,
1529 4575 1629 4638 tiiyinor.

398 4657 419 4727 ἱ)
437 4663 556 4710 lior-marn
580 4655 707 4725 iupa-ide)
737 4660 813 4706 etiam
840 4659 943 4706 (turtius
961 4657 1023 4704 vitio
1048 4660 1133 4705 natam
1157 4671 1214 4705 asso
1237 4655 1341 4717 indicat,
1365 4656 1411 4703 aad
1437 4655 1498 4702 vitio
1516 4655 1628 4714 lpaornm

364 4745 499 4804 poetarum
516 4741 608 4787 laium
627 4738 769 4797 analogiam
786 4739 942 4784 malornm.

396 4815 419 4883 ⁸)
436 4820 500 4867 cnm
527 4819 583 4878 lpaa
609 4830 637 4864 ra
662 4830 755 4864 noman
776 4817 860 4878 utone
880 4813 913 4862 ab
936 4814 1031 4861 arteria
1054 4813 1199 4860 nationibus
1222 4814 1387 4872 importatum
1410 4824 1467 4859 aeas
1485 4810 1631 4871 auspicatur

364 4898 473 4948 Sciratae
490 4899 594 4954 Quaeri.
612 4896 683 4957 Epio.
702 4907 726 4955 p.
745 4895 801 4941 262.
