4100 5724
268 627 286 696 5
314 627 388 698 191]
871 632 935 691 425

267 813 463 890 irrepserunt
494 829 550 890 pro
582 813 732 888 genuinis
765 807 901 898 8(έ)ἕεος
932 814 1036 890 enitor
1067 814 1149 878 uniet·
1178 815 1310 880 σπεέοοσι
1333 816 1448 897 κρεάων
1471 815 1536 878 οὖσι·

266 911 375 972 σόινια.
397 946 437 957 -
452 913 595 987 cognata
614 914 666 976 his
689 916 742 975 est
760 915 865 976 forma
884 917 1032 978 omnium
1052 931 1213 979 consmsu
1233 918 1352 979 vitiosa
1375 915 1544 994 ἱδρῶσαι

268 1015 297 1069 Λ
317 1012 391 1087 598,
415 1027 498 1086 quae
518 1029 558 1073 ex
579 1005 796 1095 (maneam
819 1028 986 1086 nunquam
1010 1016 1114 1089 potuit
1137 1013 1223 1090 ilerl;
1248 1016 1374 1076 Belrlrer
1395 1009 1539 1094 ἱδρῶσιν

267 1128 341 1174 curn
383 1112 517 1174 elisione
560 1113 655 1174 scribi
696 1128 791 1189 posse
832 1115 976 1191 putabat,
1018 1117 1069 1176 cui
1115 1116 1170 1177 vix
1212 1131 1410 1190 quemquam
1449 1115 1542 1177 hodie

267 1213 416 1275 assentiri
449 1214 552 1275 credo.
585 1215 651 1275 Nos
682 1209 905 1298 λδρώονέω
935 1217 1094 1294 dedimus,
1127 1220 1166 1280 de
1197 1217 1275 1294 eqo
1306 1217 1394 1278 enim
1418 1217 1541 1292 spitum

267 1317 316 1378 cui
349 1317 536 1378 correctioni
570 1317 678 1379 lavere
710 1317 905 1379 arbitramur
936 1319 1147 1381 notissimum
1177 1335 1308 1381 versum
1341 1319 1465 1395 6378,
1489 1320 1542 1380 ubi

267 1417 451 1500 προφανέντε
483 1423 569 1483 recte
596 1421 815 1498 Aristarchus,
839 1422 1042 1500 οραφανελσᾶς
1054 1423 1196 1500 pessime
1220 1421 1402 1484 zenodotus
1424 1421 1539 1484 scribe·

268 1523 330 1585 bat.
363 1525 400 1585 In
431 1523 568 1586 lectione
599 1538 697 1599 quarn
729 1523 841 1585 Nauck
873 1525 906 1585 et
935 1525 1011 1587 Ficlr
1035 1524 1192 1587 dederunt
1213 1523 1385 1604 λιλρώοοοαι,
1407 1521 1482 1604 ἄγον
1506 1520 1539 1585 δὲ

267 1629 326 1688 etc.
351 1642 487 1688 caesura
510 1628 583 1703 post
605 1626 784 1688 secundum
809 1628 998 1690 trochaeum
1021 1629 1130 1690 miuus
1154 1628 1269 1704 placet.

310 1729 479 1790 Nonnullis
502 1729 581 1790 locis
604 1731 798 1805 praecedens
822 1730 1015 1792 vocabulum
1039 1729 1196 1807 ampliare
1223 1731 1435 1806 licebatque
1460 1731 1539 1792 inte·

267 1846 323 1906 ger
356 1833 580 1892 renasceretur
612 1832 778 1907 dactylum
809 1848 836 1893 e.
860 1848 891 1907 g.
921 1853 973 1892 ιιεν
1005 1831 1070 1915 έᾷς
1103 1848 1158 1909 pro
1188 1827 1212 1891 κ’
1239 1829 1309 1915 repe
1333 1829 1367 1910 1),
1392 1853 1443 1891 arv
1468 1827 1540 1915 opp

266 1947 322 2007 pro
345 1924 368 2010 χ’
394 1927 469 2014 ὁράῃ
493 1927 528 2008 ²),
554 1932 671 2015 ζῳοῖσιν
694 1928 869 2011 ὁρᾶσθαι
892 1948 949 2008 pro
973 1927 1068 2018 {profo'
1091 1928 1236 2011 ὁράεοθαι
1255 1929 1291 2012 ¹),
1312 1928 1540 2020 ἀνεστενάχοντο

267 2039 436 2110 γοῶντες
467 2047 523 2107 pro
554 2029 747 2112 ἀνεοιέναχον
778 2032 917 2112 pneuma
940 2024 976 2113 ’λ
1008 2033 1095 2095 allbl
1119 2032 1274 2094 vocabulo
1298 2032 1446 2106 sequenti
1471 2047 1539 2094 suc-

268 2132 370 2194 crevit
402 2130 538 2208 syllaba,
574 2148 601 2194 e.
627 2148 656 2207 g.
694 2136 721 2192 T
755 2134 817 2194 104
852 2131 1031 2210 έιιφανεῖ,
1066 2127 1099 2206 ὃς
1128 2133 1285 2195 noverca:
1317 2132 1372 2194 ubl
1404 2132 1540 2195 libenter

267 2246 380 2292 auram
414 2231 623 2305 praebuimus
654 2232 804 2294 ilenrado
839 2229 1038 2310 ἐκφανέει,
1067 2228 1101 2304 ὃς
1133 2241 1227 2293 πᾶσι
1259 2233 1441 2306 corrigenti.
1479 2234 1540 2295 Hic

267 2333 449 2394 afferendus
473 2333 574 2394 etiam
604 2334 630 2394 Θ
653 2335 734 2394 428:
761 2342 854 2394 νῶιν
885 2331 931 2394 to
1008 2333 1198 2412 πτολεμίζειν,
1225 2333 1258 2394 ln
1289 2333 1406 2407 qulbus
1430 2334 1539 2395 verbis

270 2443 340 2494 νῶιν
374 2449 430 2509 pro
465 2435 644 2496 accusativi
679 2435 784 2498 forma
817 2436 998 2498 babuerunt
1031 2435 1237 2512 grammatici
1270 2451 1345 2496 cum
1376 2435 1432 2496 alii
1467 2437 1538 2497 turn

267 2536 465 2611 zenodotus;
502 2537 585 2610 quod
621 2553 696 2600 vero
732 2537 825 2600 boile
854 2537 887 2598 in
923 2537 1116 2600 editionibus
1150 2537 1377 2598 circumfertur
1406 2545 1462 2597 νῶι
1491 2534 1540 2615 έο,

267 2638 361 2700 lectio
392 2637 444 2698 est
475 2637 691 2716 Aristarcbea,
722 2639 780 2702 sad
805 2639 922 2701 vitiosa
945 2642 1066 2715 tamen,
1091 2639 1175 2699 testo
1199 2637 1307 2713 blatu;
1331 2640 1426 2712 poeta
1450 2639 1540 2702 dede·

269 2742 319 2802 rat
342 2732 388 2798 νῶ’
415 2733 474 2796 {dor
497 2742 555 2800 aut
578 2732 625 2819 αἷμ’
654 2735 750 2820 (ἄμμ’)
774 2739 841 2801 loica

312 2843 378 2902 Nec
400 2850 509 2908 minus
529 2843 681 2906 notabilis
702 2844 753 2904 est
772 2843 862 2903 locus
881 2865 891 2902 ι
912 2844 994 2904 496:
1014 2837 1065 2900 ιιαλ
1077 2835 1235 2918 θὴ’φελμεν
1248 2825 1353 2900 αὐτόθ’
1366 2835 1544 2912 ὀλέσθαι,

268 2963 383 3012 sensu:
408 2957 433 3011 ct
456 2947 591 3010 iamiam
610 2943 767 3021 perituros
790 2961 846 3006 ooo
864 2943 1068 3020 putabamus,
1090 2945 1221 3003 οιονλονι
1244 2944 1314 3002 anie
1337 2941 1437 3004 οονλοο
1456 2941 1541 3002 bobe-

268 3050 380 3114 bomua
408 3053 562 3130 ροσὶλοοι,
608 3048 659 3109 ubl
694 3063 758 3109 non
799 3046 913 3108 aorleti
947 3048 1004 3108 sed
1044 3045 1145 3108 futuri
1184 3043 1379 3106 infinitivum
1423 3045 1542 3119 requiri

269 3153 367 3232 patet,
398 3157 508 3230 itaque
531 3152 609 3214 olim
635 3150 753 3211 litteris
779 3150 972 3210 ΟΛΕΣΘΑΙ
992 3164 1055 3210 οοο
1079 3143 1201 3208 ὀλέσθαι
1223 3145 1443 3221 significatum
1467 3147 1538 3224 luit,

269 3258 351 3330 quod
382 3257 475 3319 hodie
498 3253 735 3328 circumfertur,
759 3251 817 3313 sed
837 3247 1033 3328 ὀλεῖσθαι,
1055 3253 1092 3311 ut
1115 3251 1202 3311 recle
1222 3250 1408 3311 observavit
1431 3249 1538 3311 Oobet.

270 3359 321 3420 Sic
355 3360 508 3420 restituta
539 3358 591 3417 ast
627 3353 722 3415 lectio
755 3351 925 3429 antiquior,
958 3353 1015 3413 sed
1045 3351 1186 3412 nondum
1217 3352 1257 3411 ad
1292 3351 1394 3425 ipsius
1428 3352 1542 3426 poetae

270 3475 404 3522 manum
428 3457 647 3537 pervenimus,
672 3450 807 3522 ὀλεῖοθαι
831 3453 919 3515 enlm
942 3469 1005 3515 non
1032 3455 1084 3514 est
1110 3453 1214 3514 forma
1236 3451 1426 3526 Homerica;
1452 3451 1542 3526 olim,

270 3561 331 3622 nisi
355 3561 465 3622 omnia
489 3575 548 3620 nos
572 3557 698 3632 fallunt,
722 3553 784 3616 luit
810 3545 894 3614 αὖθ’
920 3549 1109 3614 ὀλέεσθαι
1131 3553 1166 3631 ⁸).

315 3661 427 3723 Eidem
450 3676 596 3723 errorum
617 3657 727 3733 generi
747 3655 995 3718 adscribendum
1014 3661 1249 3735 γουνοῦμαι,
1272 3651 1356 3728 quod
1380 3651 1542 3730 codices·)

270 3765 423 3839 praebent
444 3779 501 3840 pro
524 3768 732 3840 γοννῶμνι
755 3757 989 3830 (ΓΟΝΟΜΑΙ).
1009 3758 1183 3833 Γουνοῦμοι
1202 3753 1282 3815 nihil
1305 3755 1366 3830 est,
1389 3761 1543 3832 γοννῶμαι

270 3865 374 3926 forma
397 3867 449 3926 est
470 3879 527 3938 per
549 3877 585 3923 se
610 3876 673 3922 non
698 3858 910 3934 vituperanda
940 3871 999 3918 nec
1022 3859 1133 3918 tamen
1156 3855 1339 3930 Homerica,
1363 3855 1432 3929 lpse
1455 3854 1541 3915 enlm

271 3966 365 4040 poeta
394 3965 521 4026 dicebat
552 3959 727 4041 γοννάομοι.
750 3959 833 4019 Num
856 3973 920 4018 non
946 3949 1147 4037 γοονόομαι
1170 3955 1227 4016 sed
1254 3953 1458 4033 γουνοὶομαι
1481 3954 1541 4016 Ho-

272 4070 429 4128 mericum
465 4079 548 4140 osse,
585 4077 627 4123 ex
663 4059 805 4134 longiore
840 4058 928 4120 verbi
963 4058 1068 4118 iorma
1100 4053 1282 4136 γουνάζομαι
1313 4057 1462 4131 apparet;
1494 4056 1542 4116 sic

271 4167 347 4247 βιάοο
380 4165 490 4227 ἀντιάαν
524 4159 692 4224 carucatam
721 4157 838 4220 σκεπάοο
871 4157 1002 4234 alloquor
1034 4158 1094 4218 eto.
1126 4155 1329 4231 reperiuntur
1351 4157 1443 4217 iuxta
1466 4170 1540 4218 clim

307 4386 326 4453 ¹)
342 4393 355 4436 l
376 4388 431 4436 148.

304 4464 366 4533 8)1
386 4469 433 4518 187
450 4467 550 4514 01888.

289 4542 357 4613 Ί)λ
377 4548 424 4595 lto
443 4557 465 4606 ψ
482 4547 538 4594 808.

306 4623 366 4690 41Σ
381 4628 439 4690 818,
457 4627 505 4675 ebt
523 4646 530 4675 r
549 4625 605 4673 487.
624 4623 663 4672 Of.
683 4625 709 4669 ¹1¹
724 4621 770 4668 811
789 4620 1018 4681 &murmuriosa
1035 4621 1134 4680 Ἀχονοέ.

306 4705 327 4770 ⁸)
345 4708 427 4757 Aliter
445 4709 485 4756 οολ
501 4703 662 4754 iudicantium
682 4701 714 4750 do
731 4713 807 4750 versu
829 4702 850 4750 Θ
870 4698 926 4748 llo.

307 4785 330 4856 ⁸)
348 4795 363 4838 l
379 4790 427 4838 888
448 4793 467 4834 0
484 4788 532 4834 888
551 4788 578 4832 Φ
595 4783 626 4833 84
645 4787 672 4832 Χ
686 4782 735 4831 840
753 4782 767 4829 d
785 4781 834 4830 488
852 4782 865 4839 ζ
882 4780 929 4829 148
947 4798 961 4830 κ
978 4781 1025 4829 llll
1043 4784 1056 4827 l
1074 4781 1105 4828 88
1123 4798 1140 4842 χ
1159 4779 1216 4842 818,
1235 4777 1291 4827 844.
